2994 4942
643 269 847 362 „ffi-

210 456 449 516 Consentaneum
464 466 563 516 autem
579 467 631 531 est,
648 466 763 517 tantum
785 453 951 538 principum
973 461 1135 519 sententias
1158 462 1190 519 iu
1213 482 1281 520 con·

210 570 294 627 cione
322 568 359 626 ah
378 567 605 645 Agamemnone
633 577 783 647 respectas
804 589 881 629 esse:
908 570 959 648 qui
984 569 1104 650 quidem
1128 572 1278 650 principes

210 679 351 760 βασιλῆες
365 678 602 757 appellabantur.
641 679 685 737 Hi
699 700 769 739 vero
785 681 874 739 etiam
890 679 927 738 ad
943 700 1048 740 cenam
1064 679 1102 739 ab
1116 680 1277 758 Agamem·

209 809 286 849 none
308 789 426 848 invitati
447 797 528 848 sunt:
554 791 637 848 cuius
664 791 751 849 moris
776 789 952 850 documento
974 790 1065 849 verba
1090 799 1171 866 sunt,
1201 812 1278 872 quae

210 897 236 959 B
251 903 311 958 404
328 920 383 980 sqq
398 899 550 976 leguntur:

362 1007 523 1078 κίκλησκεν
540 999 574 1070 δὲ
589 1005 736 1093 γέροντας
751 1011 895 1093 ἀριστῆας
907 1007 1107 1094 Παναχαιῶν,

362 1117 503 1202 Νέστορα
518 1116 573 1203 μὲν
589 1118 750 1205 πρώτιστα
765 1119 817 1181 καὶ
828 1112 991 1204 Ἰδομενῆα
1007 1118 1137 1200 ἄνακτα,

363 1228 461 1313 αὐτὰρ
479 1228 568 1290 ἔπειτ’
589 1227 702 1292 Αἴαντε
718 1218 780 1291 lto
797 1229 848 1290 καὶ
864 1220 979 1302 Τυδέος
994 1228 1068 1307 υἱόν,

362 1337 452 1401 ἕκτον
469 1327 495 1400 δ’
514 1333 577 1400 αὖτ’
594 1330 741 1408 Ὀδυσῆα
756 1335 805 1399 Διὶ
820 1347 912 1422 μῆτιν
928 1341 1115 1418 ἀτάλαντον,

363 1448 537 1535 αὐτόματος
552 1440 586 1511 δέ
602 1454 629 1511 oi
643 1443 715 1519 ἦλθε
731 1448 805 1529 βσῆν
828 1447 940 1535 ἀγαθὰς
955 1448 1123 1525 Μενέλαος.

275 1563 351 1622 Cum
366 1563 411 1621 his
426 1563 517 1638 igitur
533 1560 714 1622 Graecorum
730 1560 853 1621 ducibus
869 1563 1026 1621 concilium
1045 1563 1120 1622 illud
1142 1563 1275 1624 habitum

210 1683 261 1747 est,
279 1675 382 1752 inquo
399 1671 436 1732 de
450 1672 683 1749 Agamemnonis
698 1672 819 1731 consilio
833 1682 936 1752 postea
950 1675 1075 1751 pessime
1091 1694 1192 1733 casuro
1206 1696 1276 1751 age-

209 1785 304 1844 batur.
336 1785 396 1842 Hic
411 1784 570 1863 quaeritur,
587 1781 660 1862 quid
674 1782 795 1842 tandem
809 1784 927 1842 omnino
938 1783 1008 1842 illae
1020 1785 1166 1844 orationes
1178 1806 1277 1844 coram

210 1894 352 1954 militibus
367 1893 486 1952 habitae
502 1892 557 1952 sihi
572 1894 727 1966 voluerint,
749 1893 806 1952 nisi
828 1914 908 1952 more
930 1902 1081 1973 receptum
1097 1903 1169 1968 erat,
1191 1904 1224 1954 ut
1240 1895 1277 1955 de

209 2005 318 2064 talibus
334 2003 420 2062 rebus
435 2025 453 2062 a
467 2002 651 2082 principibus
663 2004 762 2082 palam
773 2011 919 2079 ageretur.
949 2003 1085 2082 Apparet
1097 2007 1185 2079 enim,
1198 2006 1265 2064 futu

210 2137 275 2174 rum
290 2116 394 2188 fuisse,
415 2123 448 2171 ut
463 2113 563 2172 dolum
579 2114 813 2191 Agamemnonis
828 2113 990 2193 patefieret,
1013 2116 1071 2173 nisi
1091 2115 1199 2175 milites
1218 2117 1279 2175 iam

210 2225 352 2286 eiusmodi
368 2223 558 2284 concionibus
573 2225 777 2284 interfuerant.
808 2225 847 2282 In
860 2225 913 2284 illa
925 2233 1023 2284 autem
1038 2226 1187 2301 concione,
1203 2246 1279 2305 quae

210 2337 313 2395 habita
332 2343 388 2408 est,
410 2344 566 2415 postquam
589 2334 678 2395 duces
700 2356 766 2393 cum
784 2334 1011 2412 Agamemnone
1031 2335 1136 2396 eadem
1155 2337 1279 2395 consilia

211 2448 414 2524 agitaverunt,
441 2446 542 2505 nullae
565 2447 682 2505 omnino
705 2447 851 2505 orationes
871 2444 990 2506 habitae
1012 2454 1095 2521 sunt,
1120 2453 1278 2526 propterea

211 2557 290 2637 quod
305 2557 421 2630 milites,
442 2555 492 2614 ubi
510 2557 639 2635 primum
661 2556 895 2642 Agamemnonis
914 2556 1068 2615 consilium
1091 2555 1277 2632 audiverunt,

211 2670 309 2727 statim
325 2666 363 2726 ad
379 2686 471 2726 naves
485 2667 635 2743 fugerunt.
665 2667 771 2746 Neque
786 2667 872 2727 aliter
882 2667 914 2724 in
925 2667 989 2745 ipso
999 2667 1103 2726 Iliadis
1115 2666 1199 2746 initio
1212 2663 1279 2726 cum

210 2778 345 2839 Achilles
369 2786 399 2837 et
419 2777 607 2853 Agamemno
632 2779 710 2836 inter
734 2797 765 2836 se
788 2776 952 2854 litigarent,
982 2777 1092 2837 Nestor
1117 2779 1279 2838 surrexisse

210 2897 360 2962 narratur,
387 2889 438 2968 qui
463 2909 523 2947 non
546 2888 639 2947 solum
661 2887 811 2946 Achillem
837 2886 888 2946 sed
911 2888 1000 2946 etiarn
1022 2887 1279 2964 Agamemnonem

210 3002 345 3079 quamvis
365 3020 510 3062 summum
531 2997 637 3057 ducem
658 2998 878 3071 adhortaretur,
903 3006 936 3055 ut
960 2998 1035 3056 alter
1059 2998 1143 3058 alteri
1167 3018 1279 3057 morem

210 3118 333 3187 gereret.
378 3109 437 3183 Qui
452 3109 518 3171 fieri,
530 3109 640 3187 potuit,
661 3117 694 3167 ut
708 3108 817 3167 Nestor
834 3107 925 3166 talem
947 3107 1180 3167 adhortationem
1194 3107 1277 3185 Aga·

210 3221 359 3279 memnoni
380 3240 496 3299 quoque
517 3219 674 3299 proferret,
697 3219 753 3277 nisi
775 3219 861 3278 sociis
884 3219 930 3276 ius
954 3238 990 3277 ac
1013 3227 1143 3298 potestas
1157 3217 1278 3278 dicendi

210 3329 293 3389 erat?
336 3329 439 3388 Planis
459 3331 550 3406 igitur
569 3327 666 3388 verbis
687 3351 754 3388 eum
774 3328 925 3387 Achillem
944 3337 1006 3387 tum
1022 3328 1278 3406 Agamemnonem
1337 3356 1340 3361 ¹

210 3439 319 3500 Nestor
333 3440 466 3499 hortatus
481 3450 533 3512 est,
549 3447 582 3498 ut
598 3437 835 3519 obsequerentur.
866 3439 912 3498 Of.
931 3436 956 3499 A
972 3441 1034 3498 274

362 3545 575 3610 alteritate
591 3547 644 3609 καὶ
659 3547 764 3633 ὔμμες,
778 3546 843 3610 ἐπεὶ
858 3545 1006 3610 πείθεσθαι
1020 3546 1149 3632 ἄμεινον.

273 3660 386 3736 Quodsi
409 3681 446 3720 ea
468 3679 544 3740 quae
559 3658 645 3718 modo
661 3644 795 3739 exposita
810 3668 886 3732 sunt,
908 3660 983 3718 bene
998 3679 1061 3719 sese
1077 3658 1197 3731 habent,
1218 3680 1278 3718 non

208 3783 269 3832 tam
285 3789 429 3851 apparere
448 3769 579 3845 videtur,
599 3769 808 3849 Thucydidem
832 3773 857 3843 l,
875 3775 892 3830 9
913 3791 964 3828 suo
984 3771 1046 3829 iure
1060 3770 1173 3841 dicere,
1196 3768 1277 3845 Aga·

209 3903 395 3942 memnonem
421 3880 639 3959 expeditionem
665 3881 696 3938 in
721 3881 865 3938 Troianos
891 3881 924 3940 οὐ
948 3877 1048 3965 χάριτι
1071 3876 1108 3939 τὰ
1131 3879 1236 3939 πλεῖον
1259 3873 1278 3946 ἦ

209 3991 292 4075 φόβῳ
308 3987 500 4071 comparasse,
517 4011 605 4069 quam
616 3989 747 4050 Graecos
761 4000 848 4069 pacto
859 3991 986 4069 quodam
999 3991 1037 4050 ad
1050 3990 1160 4051 bellum
1171 4010 1278 4073 parau-
