2994 4942
727 275 806 343 12·

647 368 665 374 ...
669 369 816 376 —----
820 369 847 374 ...-

295 467 360 525 Iam
386 487 456 526 vero
482 475 619 545 apparet,
646 477 834 546 quantopere
844 469 1051 528 commercinm
1067 469 1130 528 iure
1148 471 1282 546 gentium

210 577 344 636 adiutum
360 577 406 635 sit.
436 579 549 636 Verum
564 586 666 638 tamen
681 579 878 655 negotiatores
893 577 938 636 illi
952 597 1042 659 saepe
1056 600 1117 638 non
1128 579 1282 639 dubitave-

209 695 286 760 runt,
303 688 418 746 lucrum
433 689 546 767 rapinis
561 688 673 747 facere:
698 689 739 746 ita
755 688 867 747 factum
882 696 940 760 est,
961 696 994 746 ut
1009 689 1206 766 negotiatores
1221 710 1282 748 non

210 799 304 856 solum
319 819 366 857 res
381 798 569 878 pecudesque
584 817 688 858 verum
703 799 793 856 etiam
812 799 946 856 homines
964 800 1097 878 rapuisse
1116 797 1282 858 tradantur.

211 909 298 970 Adde
313 909 392 988 quod
407 930 455 968 ars
469 907 635 986 navigandi
651 909 682 966 in
698 906 878 966 carminibus
900 908 1056 968 homericis
1077 910 1136 967 iam
1156 918 1218 968 tam
1233 929 1282 969 ex-

214 1021 294 1079 culta
307 1021 398 1080 fuisse
414 1018 497 1078 uobis
510 1017 647 1090 traditur,
658 1026 691 1076 ut
702 1017 790 1076 facile
804 1019 970 1097 suspiceris,
986 1019 1051 1078 illos
1066 1026 1173 1078 nautas
1187 1020 1219 1079 in
1234 1039 1283 1080 ex·

209 1139 318 1190 tremas
331 1131 468 1207 regiones
482 1130 647 1206 navigasse.
677 1126 834 1201 Quaenam
850 1137 948 1189 autem
965 1149 1054 1188 causa
1068 1130 1159 1189 fuerit
1173 1150 1225 1188 cur
1240 1137 1285 1189 tot

211 1261 245 1299 ac
259 1247 357 1299 tantos
372 1239 488 1299 labores
503 1240 690 1312 sustinerent,
707 1237 829 1297 dubium
845 1258 908 1298 esse
923 1241 1035 1318 nequit.
1072 1239 1210 1318 Namque
1225 1241 1285 1299 iam

210 1357 274 1408 tum
296 1369 409 1409 summa
429 1348 569 1428 cupidine
588 1349 663 1407 lucri
684 1348 813 1408 faciendi
832 1350 965 1410 homines
985 1350 1100 1429 impleti
1121 1358 1207 1410 erant
1229 1370 1285 1410 nec

210 1458 372 1538 quidquam
395 1459 565 1539 impedivit,
593 1459 749 1538 quominus
770 1460 803 1520 in
823 1461 953 1520 externis
975 1458 1145 1537 regionibus
1166 1460 1286 1519 divitias

212 1567 267 1627 sibi
282 1589 387 1648 parare
407 1569 568 1629 studerent.
613 1567 642 1626 Ii
663 1576 763 1628 autern
782 1570 832 1648 qui
852 1570 1027 1630 commercio
1046 1592 1108 1632 uon
1129 1569 1282 1645 favebant,

210 1679 267 1738 feri
281 1688 470 1759 agrestesque
483 1679 578 1739 babiti
598 1688 676 1740 sunt.
721 1679 868 1760 Cyclopes
888 1679 1008 1759 quidem
1027 1681 1083 1740 soli
1102 1681 1185 1740 omni
1203 1681 1284 1741 vitae

211 1793 326 1851 ratione
340 1800 476 1870 expertes
497 1793 528 1850 in
550 1790 729 1850 carminibus
750 1791 905 1849 homericis
928 1799 1206 1875 commemorantur,
1232 1792 1284 1870 qui

213 1901 328 1960 nullum
344 1903 550 1961 commercium
565 1901 708 1960 fecerunt.
739 1898 786 1959 Of.
803 1922 813 1959 ι
830 1901 889 1959 125
905 1920 960 1981 sqq

362 2009 397 2072 οὐ
412 2008 470 2097 γὰρ
489 2007 688 2071 Κυκλώπεσσι
702 2007 766 2081 νέες
780 2006 863 2094 πάρα
878 2006 1091 2096 μιλτοπάρῃοι,

363 2111 427 2181 οὐδ’
448 2109 552 2205 dobree
563 2123 643 2191 νηῶν
660 2121 704 2180 ἔνι
715 2117 867 2202 τέκτονες,
882 2119 912 2180 οί
924 2140 959 2181 κε
973 2117 1100 2204 κάμοιεν

363 2239 437 2305 νῆας
451 2228 644 2315 ἐυσσέλμους,
661 2230 694 2291 αἵ
706 2250 758 2291 κεν
773 2228 905 2291 τελέοιεν
921 2226 1041 2291 ἕκαστα

363 2342 445 2406 ἄστε’
463 2341 509 2404 ἐπ’
527 2338 690 2425 ἀνθρώπων
707 2337 887 2424 ἱκνεύμεναι,
903 2333 1004 2401 οἷοίτε
1017 2338 1121 2402 πολλοί

363 2446 466 2538 ἄνδρες
482 2451 525 2514 ἐπ’
547 2452 699 2523 ἀλλήλους
714 2449 817 2522 νηυσὶν
832 2449 960 2533 περόωσι
974 2447 1140 2515 θάλασσαν.

274 2565 387 2626 Omnes
401 2574 501 2625 antem
517 2565 666 2644 peregrini
682 2571 768 2623 erant
782 2563 962 2622 sacrosancti
977 2571 1006 2622 et
1022 2585 1040 2623 a
1054 2564 1131 2623 Iove
1142 2564 1284 2641 tegeban-

210 2685 266 2736 tur.
309 2676 402 2737 Ouius
416 2678 459 2735 rei
475 2677 499 2735 si
520 2675 657 2755 exempla
676 2675 804 2754 petimus
827 2673 922 2732 multa
945 2673 1030 2733 nobis
1053 2682 1224 2749 occurrunt,
1245 2693 1283 2732 ex

210 2787 316 2866 quibus
327 2787 594 2846 luculentissimum
605 2794 722 2845 tantum
734 2787 843 2864 eligere
858 2787 930 2845 satis
942 2786 1006 2845 erit.
1028 2786 1122 2845 Velut
1133 2785 1284 2844 Nausicaa

210 2885 229 2968 ζ
244 2899 305 2956 207
322 2917 377 2976 sqq
391 2897 544 2956 notissima
557 2897 611 2955 illa
625 2895 718 2956 verba
733 2897 857 2976 profert:

600 3001 672 3090 πρὸς
687 3004 745 3092 γὰρ
762 3003 832 3079 Διὸς
847 3009 918 3067 εἰσιν
934 3003 1069 3078 ἅπαντες

364 3112 453 3194 ξεῖνοι
467 3105 506 3178 τε
518 3114 637 3203 πτωχοί
651 3137 698 3195 τε,
711 3106 789 3189 δόσις
802 3104 828 3177 δ’
848 3115 937 3202 ὀλίγη
952 3109 989 3178 τε
1005 3116 1075 3201 φίλη
1090 3136 1128 3177 τε

209 3247 286 3307 quae
301 3227 394 3288 verba
408 3248 476 3286 curn
492 3230 617 3288 Eumaei
632 3228 730 3287 verbis
746 3221 763 3304 ξ
776 3229 816 3287 57
833 3249 867 3307 sq
882 3229 972 3308 plane
985 3236 1160 3304 congruunt.
1184 3226 1284 3301 Quare

209 3339 349 3417 quoniam
363 3339 500 3418 Iuppiter
514 3341 685 3418 peregrinos
699 3340 776 3397 tueri
787 3338 950 3414 dicebatur,
963 3339 1027 3419 ipse
1042 3338 1115 3398 deus
1131 3338 1284 3424 hospitalis

211 3443 342 3530 (ξείνιος)
358 3447 578 3528 appellabatur:
594 3449 631 3508 cf.
647 3471 656 3508 t
672 3451 734 3508 270
750 3469 785 3528 sq

362 3552 438 3631 Ζεὺς
454 3548 481 3618 δ’
500 3556 689 3644 ἐπιτιμήτωρ
705 3555 837 3619 ἱκετάων
852 3579 888 3620 τε
903 3554 1006 3636 ξείνων
1022 3578 1067 3636 τε,

364 3664 477 3746 ξείνιος,
492 3665 524 3741 ὅς
541 3664 677 3746 ξείνοισιν
693 3667 745 3752 ἅμ’
764 3659 917 3730 αἰδοίοισιν
934 3659 1049 3740 ὀπηδεῖ.

210 3779 258 3839 cf.
274 3780 364 3840 etiam
380 3775 397 3857 ξ
411 3783 484 3855 389,
499 3800 518 3849 u
537 3781 606 3840 164.

274 3890 344 3949 Tali
366 3891 460 3968 igitur
481 3891 576 3951 tutela
597 3893 643 3951 usi
668 3893 818 3971 peregrini
844 3890 954 3971 ubique
980 3891 1205 3971 excipiebantur
1230 3913 1286 3954 nec

212 4001 306 4059 solum
326 4000 390 4060 cibo
412 4023 516 4062 verum
539 4004 628 4062 etiarn
651 4002 782 4062 vestibus
805 4001 1000 4062 donabantur.
1045 4003 1148 4083 Turpe
1169 4024 1287 4082 quoque
