2994 4942
686 335 729 399 39

172 523 450 586 concionibusinfra
458 522 577 585 dicendi
588 524 733 584 locuserit
747 557 790 581 -.
818 523 926 583 Statim
941 524 1026 582 initio
1041 522 1108 582 libri
1123 514 1244 583 alterius

173 634 529 717 OdysseaeTelemachus
536 653 696 714 praecones
707 632 789 694 iubet
798 634 941 712 populum
950 652 1064 711 cogere.
1084 632 1243 714 Otiidsqq

325 738 400 828 αἶψα
415 733 449 806 δὲ
463 740 621 828 κηρύκεσσι
634 740 860 830 λιγυφθόγγοισι
875 739 1016 803 κέλευσεν

324 853 482 941 κηρύσσειν
497 846 646 941 ἀγορήνδε
660 851 920 937 καρηκομόωντας
932 849 1077 936 Ἀχαιούς

324 968 352 1026 oi
367 961 422 1048 μὲν
437 961 612 1048 ἐκήρυσσον,
627 962 677 1024 τοὶ
692 955 719 1023 δ’
739 960 898 1050 ἠγείροντο
914 959 983 1048 μάλ’
1003 954 1080 1023 ὦκα.

236 1077 302 1136 Nec
316 1078 484 1136 omittamus
499 1073 667 1135 Minervam
682 1094 799 1155 quoque
819 1093 996 1152 praeconem
1016 1092 1047 1133 se
1069 1092 1133 1134 esso
1155 1074 1243 1134 simu·

172 1188 284 1248 lantem
309 1187 461 1247 Phaeaces
489 1184 529 1244 ad
557 1186 728 1245 concionem
757 1183 924 1244 habendam
953 1203 1131 1244 convocare:
1164 1183 1202 1243 cf.
1227 1179 1244 1242 θ

174 1300 191 1356 7
208 1317 261 1378 *iq
409 1382 429 1449 ἡ
445 1369 471 1440 3,
490 1374 550 1441 ἀνὰ
564 1377 643 1441 ἄστυ
659 1377 816 1464 μετῴχετο
832 1371 963 1449 Παλλὰς
974 1373 1101 1454 Ἀθήνην

325 1481 465 1574 εἰδομένη
481 1488 591 1574 κήρυκι
604 1480 762 1573 δαΐφρονος
772 1484 959 1567 Ἀλκινόοιο,

325 1711 376 1772 καί
392 1711 429 1796 ῥα
444 1708 567 1788 ἑκάστῳ
582 1708 662 1793 φωτὶ
677 1707 887 1794 παρισταμένη
903 1716 985 1792 φάτο
1001 1703 1104 1794 μῦθον.

237 1823 352 1883 Eodem
375 1832 474 1882 autem
493 1820 581 1880 modo
602 1819 710 1881 Graeci
728 1822 760 1880 in
787 1822 890 1880 castris
905 1820 944 1880 ad
969 1841 1102 1902 pugnam
1117 1841 1136 1879 a
1159 1840 1244 1902 pree·

170 1934 293 1993 conibus
307 1933 460 1994 convocati
475 1941 558 1992 sunt:
581 1932 619 1993 ef.
638 1927 739 1991 {3442
756 1953 790 2011 sq

326 2039 438 2104 αὐτίκα
452 2040 610 2125 κηρύκεσσι
625 2038 851 2128 λιγυφθόγγοισι
866 2038 1007 2101 κέλευσεν

327 2151 483 2238 κηρύσσειν
498 2142 669 2236 πόλεμόνδε
682 2150 941 2236 καρηκομόωντας
952 2146 1105 2235 Ἀχαιούς.

237 2286 420 2361 Quibuscum
444 2288 577 2349 versibus
598 2287 690 2349 verba
715 2289 847 2348 conferre
866 2289 949 2362 lieet,
976 2306 1053 2368 quae
1071 2284 1105 2347 A
1125 2289 1186 2347 685
1210 2309 1243 2366 sq

174 2397 326 2472 legunturt

325 2507 451 2592 κήρυκες
468 2497 493 2567 δ’
513 2506 665 2595 ἐλίγαινον
680 2505 729 2592 ἅμ’
748 2509 801 2576 rici
813 2505 1027 2592 φαινομένηφιν

325 2612 396 2689 τούς
412 2618 476 2701 ἴμεν
492 2611 549 2679 οίσι
563 2627 658 2703 χρεῖος
673 2615 801 2701 όφείλετί
822 2620 854 2680 έν
864 2608 971 2680 Ἤλιδι
987 2607 1048 2698 δίη.

236 2727 326 2789 Adde
358 2727 440 2808 quod
472 2749 633 2808 praecones
668 2729 776 2788 milites
811 2738 927 2789 coactos
962 2731 1049 2791 silere
1077 2748 1114 2788 ac
1145 2736 1244 2791 tacere

172 2838 321 2898 iusserunt
335 2858 403 2898 cum
422 2838 570 2918 principes
585 2839 625 2899 ad
643 2839 826 2919 loquendum
845 2841 1048 2901 surrexissent.
1094 2838 1186 2899 (iuius
1201 2840 1243 2899 rei

173 2947 352 3008 documento
365 2947 457 3008 verba
472 2958 549 3022 sunt,
565 2969 642 3030 quae
658 2945 683 3009 B
699 2951 738 3010 96
754 2969 810 3030 sqq
823 2950 1017 3010 inveniuntur

528 3057 616 3121 ἐννέα
631 3049 667 3119 δέ
680 3079 774 3143 σφεας

324 3166 450 3252 κήρυκες
465 3166 614 3250 βοόωντες
629 3167 765 3253 ἐρήτυον,
780 3170 809 3231 εί
819 3168 887 3231 ποτ’
908 3169 1003 3243 ἀυτῆς

324 3276 454 3363 σχοίατ’,
470 3277 632 3342 ἀκούσειαν
648 3270 683 3341 δὲ
699 3269 882 3364 διοτρεφέων
897 3277 1053 3360 βασιλήων

323 3380 443 3470 σπουδῇ
458 3379 484 3450 δ’
504 3379 592 3464 ἕζετο
607 3388 691 3467 λαός,
707 3385 851 3476 ἐρήτυθεν
867 3376 901 3450 δὲ
916 3385 982 3451 καθ
1001 3380 1090 3475 ἕδρας

323 3497 511 3584 παυσάμενοι
524 3500 674 3588 κλαγγῆς.
1118 3570 1120 3574 ,

235 3609 300 3670 Nec
316 3630 376 3670 non
392 3607 431 3670 Ψ
446 3613 507 3671 567
524 3631 559 3692 sq
576 3631 683 3692 praeco
702 3611 811 3673 milites
830 3620 929 3672 tacere
948 3612 1066 3673 iussisse
1089 3623 1242 3673 narratur:

528 3721 560 3783 έν
576 3711 602 3782 δ’
621 3717 682 3805 ἄρα
695 3715 789 3805 κῆρυξ

323 3828 406 3915 χερσὶ
421 3837 577 3915 σκῆπτρον
593 3828 689 3908 ἔθηκε,
707 3829 856 3900 σιωπῆσαί
870 3831 896 3893 τ’
917 3829 1084 3896 ἐκέλευσεν.

237 3941 302 4002 Noc
317 3943 411 4002 solum
426 3942 621 4022 praeconibus
633 3940 671 4002 ad
686 3942 829 4023 populum
840 3943 1064 4004 convocandum
1075 3942 1242 4017 utebantur,

172 4050 336 4112 sedetiam
362 4051 564 4126 mittebantur,
583 4055 633 4133 qui
659 4074 752 4113 unum
777 4054 939 4114 alterumve
964 4055 1129 4134 principem
1155 4052 1244 4112 advo-
