2994 4942
723 374 764 438 48

643 463 844 478 ——-«-—·—

362 551 453 633 ἄξετε
468 549 502 620 δὲ
519 559 668 644 Πριάμοιο
684 560 760 644 βίην,
776 561 836 647 ὄφρ’
856 560 942 646 ὅρκια
956 564 1059 649 τάμνε,

361 669 462 746 αύτύς,
479 669 543 732 έπεί
558 675 585 730 οὶ
600 662 706 744 παῖδες
721 669 896 757 ὑπερφίαλοι
910 674 962 735 καὶ
978 673 1111 747 ἄπιστοι,

360 779 401 864 μή
418 803 464 851 τις
479 777 641 864 ὑπερβασίῃ
659 777 730 853 Διὸς
745 779 830 866 ὅρκια
846 771 1026 855 δηλήσηται.

361 889 419 951 αἰεὶ
433 881 460 950 δ’
479 888 653 974 ὁπλοτέρων
669 881 786 975 ἀνδρῶν
802 891 904 978 φρένες
917 892 1099 978 ἠερέθονται·

360 993 401 1071 οἷς
416 991 442 1060 δ’
462 997 478 1060 ὁ
493 997 590 1085 γέρων
606 998 758 1087 μετέῃσιν,
774 999 840 1086 ἅμα
853 1005 975 1087 πρόσσω
990 1003 1042 1065 καὶ
1058 1001 1174 1064 ὀπίσσω

358 1107 485 1183 λεύσσει,
501 1108 582 1182 ὅπως
597 1109 638 1196 ὄχ’
659 1109 767 1193 ἄριστα
784 1113 848 1196 μετ’
868 1111 1062 1199 ἀμφοτέροισι
1076 1111 1212 1198 γένηται.

271 1222 407 1279 Priamus
421 1223 514 1298 igitur
534 1242 601 1281 cum
627 1220 803 1296 advenisset,
826 1223 930 1283 foedus
956 1227 1077 1282 summis
1093 1226 1279 1283 caerimoniis

208 1331 299 1389 ictum
326 1339 383 1389 est:
417 1351 491 1409 quas
517 1333 710 1391 caerimonias
736 1334 783 1391 hie
810 1333 976 1394 describere
999 1356 1058 1393 non
1083 1354 1203 1394 necesse
1226 1344 1277 1408 est,

208 1441 320 1519 quippe
335 1460 410 1519 quae
426 1441 464 1500 ad
479 1451 611 1501 nostrum
627 1443 830 1521 quaestionem
845 1444 921 1503 nihil
937 1445 1077 1504 efficiant.
1122 1446 1201 1505 Satis
1216 1465 1278 1504 esse

207 1551 327 1610 videtur
347 1561 583 1626 commemorare,
603 1552 713 1613 Jovem
739 1553 867 1634 deosque
889 1556 1042 1615 invocatos
1061 1575 1137 1630 esse,
1158 1563 1191 1614 ut
1210 1576 1276 1613 eunr

208 1664 362 1741 punirent,
384 1664 434 1741 qui
461 1664 621 1741 periurium
648 1664 781 1723 facturus
801 1675 886 1723 esset.
929 1666 981 1724 En
1006 1665 1097 1724 habes
1117 1665 1208 1724 verba
1228 1665 1280 1723 illa

207 1772 441 1849 Agamemnonis
456 1768 480 1829 Γ
496 1775 557 1831 276
574 1794 629 1853 sqq

360 1877 419 1942 Zao
434 1879 543 1965 πάτερ,
554 1873 670 1952 Ἴδηθεν
686 1873 812 1967 μεδέων,
829 1874 953 1945 κύδιστε
967 1881 1103 1970 μέγιστε,

359 1988 459 2062 ἠέλιός
473 1989 497 2051 θ’
518 1990 549 2062 ὃς
563 1990 653 2053 πάντ’
674 1996 781 2078 έφορᾷς
796 1993 848 2055 καὶ
863 1993 947 2055 πάντ’
968 1991 1136 2071 ἐπακούεις,

360 2100 412 2162 καὶ
426 2099 562 2186 ποταμοὶ
575 2102 627 2162 καὶ
641 2112 725 2189 γαῖα,
740 2103 792 2165 καὶ
807 2107 837 2165 οἳ
850 2101 988 2190 ὑπένερθε
1002 2102 1157 2189 καμόντας

361 2208 532 2294 ἀνθρώπους
546 2209 694 2292 τίνυσθον,
710 2211 725 2276 ὅ
739 2236 785 2285 τις
799 2212 824 2275 κ’
844 2213 981 2298 έπίορκον
997 2212 1124 2297 ὀμόσσῃ.

275 2323 376 2402 Atque
395 2322 506 2382 Achivi
531 2323 650 2402 quidem
675 2326 731 2384 hoc
753 2334 836 2386 tanto
859 2323 1049 2385 iureiurando
1073 2325 1278 2404 promiserunt,

212 2454 242 2492 se
262 2434 381 2492 domum
396 2432 542 2491 redituros
562 2454 633 2509 esse,
655 2437 678 2493 si
694 2437 848 2495 Menelaus
864 2457 882 2495 a
898 2434 1006 2494 Paride
1022 2442 1215 2513 superaretur,
1233 2436 1279 2493 sin

211 2563 281 2602 vero
297 2543 382 2602 Paris
396 2545 572 2618 vinceretur,
588 2545 711 2605 Troiani
725 2548 930 2625 promiserunt,
946 2566 976 2604 se
997 2566 1058 2604 non
1078 2545 1171 2603 solum
1188 2545 1277 2603 Hele-

211 2673 279 2711 nam
296 2653 461 2713 reddituros
475 2654 527 2714 sed
542 2656 632 2714 etiam
646 2657 774 2736 pretium
790 2657 934 2715 soluturos
949 2675 1021 2714 esse.
1052 2654 1163 2729 Quanti
1180 2663 1278 2713 autom

212 2763 319 2822 Graeci
348 2771 377 2822 et
406 2764 528 2822 Troiani
559 2764 635 2823 illud
668 2775 788 2846 pactum
818 2767 875 2846 ipsi
904 2767 1140 2838 aestimaverint,
1175 2785 1279 2823 versus

211 2872 344 2951 probant,
361 2875 413 2954 qui
428 2869 453 2934 Γ
468 2877 528 2933 297
545 2895 599 2954 sqq
613 2877 762 2952 leguntur

364 2973 425 3044 ὧδε
440 2973 475 3043 δέ
490 3006 534 3056 τις
549 2984 683 3045 εἴπεσκεν
695 2980 832 3071 Ἀχαιῶν
846 3005 882 3046 τε
896 2980 1010 3067 Τρώων
1025 2998 1072 3044 τε·

368 3089 448 3172 αΖεῦ
463 3084 587 3154 κύδιστε
603 3092 739 3179 μέγιστε,
754 3093 807 3155 καὶ
819 3091 965 3156 ἀθάνατοι
979 3091 1039 3155 θεοὶ
1056 3093 1156 3171 ἄλλοι,

364 3201 524 3290 ὁππότεροι
537 3203 677 3287 πρύτεροι
693 3200 766 3288 ὑπὲρ
782 3200 868 3290 ὅρκια
882 3203 1061 3289 πημήνειαν,

363 3302 424 3374 ὧδέ
439 3312 483 3398 σφ’
504 3312 672 3399 ἐγκέφαλος
687 3305 814 3398 χαμάδις
829 3311 889 3400 ρ’έοι
905 3312 946 3386 οἷς
961 3302 1014 3375 θδε
1030 3309 1114 3391 οἶνος,

364 3421 467 3482 αὐτῶν
482 3427 535 3483 καί
548 3422 674 3500 τεκέων,
691 3421 800 3508 ἄλοχοι,
811 3415 843 3484 δή
856 3423 977 3485 ἄλλοισι
992 3415 1142 3508 δαμεῖεν.”

275 3536 381 3614 Neque
407 3535 499 3611 igitur
520 3554 557 3593 ex
583 3555 629 3609 eo,
659 3536 740 3614 quod
764 3537 820 3594 hoc
845 3545 966 3615 pactum
992 3535 1161 3594 foedissime
1190 3536 1278 3593 inter·

210 3654 331 3724 ruptum
361 3653 416 3719 est,
453 3644 690 3704 concludendum
724 3655 780 3720 est,
816 3647 936 3704 omnino
968 3647 1028 3704 tale
1062 3655 1182 3723 pactum
1218 3667 1278 3704 non

211 3757 313 3832 magni
328 3755 464 3814 habitum
479 3774 550 3814 esse.
592 3754 648 3813 Oui
663 3758 826 3816 sententiae
843 3758 968 3835 primum
987 3747 1106 3835 quidem
1130 3776 1278 3835 opponen-

211 3867 281 3924 dum
303 3875 355 3939 est,
375 3864 546 3923 Pandarum
568 3865 721 3923 Minervae
747 3864 815 3924 dolo
841 3874 1017 3924 commotum
1044 3885 1120 3939 esse,
1146 3872 1179 3924 ut
1205 3865 1278 3924 illud

213 3977 408 4055 perniciosum
428 3974 520 4032 telum
543 3975 702 4050 emitteret3
730 3985 793 4035 tum
814 3996 884 4035 vero
904 3996 965 4034 non
985 3975 1205 4053 neglegendum
1227 3985 1279 4047 est,

212 4085 461 4165 quemadmodum
482 4085 533 4143 illo
552 4085 616 4164 ipso
636 4094 766 4164 tempore
787 4086 842 4144 hac
863 4085 900 4145 de
914 4105 946 4144 re
965 4084 1128 4145 iudicatum
1148 4088 1193 4145 sit.
1239 4087 1280 4143 Et
