2994 4942
740 300 762 363 6

277 488 338 548 Sed
352 497 511 567 autequam
527 486 564 545 ad
580 506 642 545 rem
657 489 752 566 ipsam
772 486 969 564 aggredimur,
991 509 1080 567 quam
1098 489 1283 566 paucissimis

212 619 395 678 exponamus
416 618 536 657 necesse
559 606 616 668 est,
644 597 716 676 quid
737 597 869 656 dicamus
885 599 930 656 ius
951 599 1085 674 gentium
1100 598 1282 656 homericum

212 729 284 782 esse,
306 710 389 767 cuius
409 710 536 784 vestigia
553 707 696 783 indagare
716 710 747 766 in
771 710 869 767 animo
890 717 942 766 est.
989 708 1181 766 Notissimum
1203 708 1285 766 enim

213 828 265 891 est,
281 819 352 877 iuris
368 818 515 876 consultos
526 827 639 875 nostros
655 820 700 876 ins
711 820 845 895 gentium
861 818 1012 896 appellare
1027 818 1107 897 quod
1122 819 1218 877 Huuo
1233 817 1285 877 ille

213 928 352 990 Gsorms
364 930 475 1006 primus
487 929 573 986 certis
588 926 696 986 finibus
711 928 873 1007 descripsit.
904 929 959 986 Est
975 936 1073 986 autem
1088 929 1134 986 ius
1149 929 1285 1005 gentium

214 1073 254 1083 -
263 1048 297 1097 ut
309 1039 475 1097 Harrrnru
491 1037 588 1096 verbis
603 1047 717 1096 utar—
726 1040 771 1096 ius
785 1038 864 1117 quod
880 1039 957 1097 inter
972 1037 1079 1096 liberas
1093 1047 1197 1114 gentes
1211 1058 1283 1116 qua·

215 1171 280 1208 rum
296 1149 389 1208 altera
404 1148 489 1206 alteri
504 1168 564 1205 non
579 1155 622 1206 est
637 1147 777 1220 subiecta,
798 1167 891 1226 aeque
907 1146 1080 1206 observatur
1093 1168 1132 1207 ex
1146 1148 1284 1227 opinione

212 1259 342 1339 quadam
362 1258 556 1329 necessitatis,
579 1277 595 1316 e
615 1258 743 1316 naturali
765 1259 878 1316 ratione
893 1257 1077 1316 descendeus
1097 1277 1210 1336 usuque
1231 1255 1282 1333 (cf.

213 1371 376 1429 Herrrrnr
392 1368 520 1446 prolusio
536 1366 572 1427 dc
588 1369 710 1446 antiquo
725 1368 788 1424 iure
799 1369 943 1444 gentium,
956 1368 1080 1427 Bonnae
1096 1370 1178 1428 1823
1194 1367 1284 1442 edita,

212 1503 240 1561 p.
255 1483 296 1558 2).
327 1477 415 1552 Quod
430 1479 475 1535 ius
489 1478 625 1554 gentium
640 1500 658 1536 a
668 1478 818 1537 veteribus
833 1479 1021 1557 maximeque
1036 1500 1054 1536 a
1065 1477 1188 1538 Graecis
1202 1499 1283 1557 pror-

212 1612 261 1650 sus
275 1587 506 1650 abiudicandum
529 1607 593 1647 esse
608 1588 659 1648 ille
673 1589 721 1647 vir
735 1596 835 1647 censet
856 1588 907 1664 (cf.
924 1589 944 1647 1.
960 1589 979 1648 1
996 1609 1024 1667 p.
1042 1591 1083 1658 3).
1127 1590 1194 1649 Iam
1213 1609 1284 1649 vero

211 1700 290 1759 idem
313 1699 501 1757 Hnrrunuus
523 1699 554 1756 iu
577 1698 666 1757 libro:
697 1699 780 1772 „Das
801 1699 994 1777 europaiscbe
1008 1699 1208 1758 Volkerrecht
1230 1699 1284 1759 der

213 1808 421 1886 Gegenwart“,
435 1809 564 1868 Beroliui
580 1811 668 1881 1844,
682 1811 739 1887 p.6
753 1807 895 1881 concedit,
912 1809 972 1866 iam
984 1810 1196 1888 antiquissimis
1210 1818 1283 1870 tern-

211 1918 331 1997 poribus
346 1928 441 1978 certos
455 1919 631 1997 populorum
649 1939 744 1978 mores
764 1918 906 1991 inveniri,
929 1919 979 1997 qui
1000 1920 1128 1978 maxime
1150 1920 1190 1979 ad
1204 1919 1284 1980 bella

212 2028 351 2106 gerenda,
367 2028 406 2087 ad
420 2030 533 2105 legatos
548 2029 707 2088 mittendos
718 2027 974 2107 excipiendosque,
987 2027 1025 2088 ad
1036 2029 1156 2089 foedera
1166 2029 1284 2089 icienda

212 2148 354 2218 spectent.
384 2139 449 2197 Nec
464 2160 534 2198 vero
549 2141 579 2198 hi
594 2160 688 2198 mores
703 2141 754 2218 qui
769 2139 886 2197 initium
901 2139 972 2196 iuris
984 2140 1117 2215 gentium
1130 2138 1281 2217 praebent,

212 2250 321 2308 servati
341 2258 410 2306 sunt
428 2259 584 2328 propterea
605 2248 684 2328 quod
699 2250 825 2329 populus
841 2249 949 2328 populo
970 2248 1142 2308 obstrictum
1164 2268 1195 2308 se
1219 2269 1283 2309 esse

213 2357 361 2432 censebat,
377 2358 429 2418 sed
444 2359 524 2437 quod
539 2359 660 2419 deorum
675 2360 757 2418 cultu
773 2368 803 2418 et
818 2360 940 2438 antiquo
951 2378 1032 2418 more
1046 2367 1197 2437 receptum
1208 2368 1280 2420 erat

212 2469 255 2528 At
270 2471 389 2528 omnino
404 2470 449 2527 ius
464 2470 597 2546 gentium
612 2489 629 2528 e
643 2489 723 2529 more
738 2490 852 2549 usuque
872 2471 1015 2547 originem
1031 2478 1131 2548 petere
1147 2469 1279 2529 arbitror.

213 2581 305 2639 Hunc
316 2588 415 2638 autem
430 2598 541 2638 morem
557 2598 591 2638 eo
606 2580 753 2638 firmatum
768 2601 832 2641 esse
847 2588 969 2653 constat,
990 2579 1068 2659 quod
1085 2578 1126 2638 dii
1140 2581 1198 2658 ipsi
1212 2599 1281 2640 eum

212 2691 288 2749 tueri
304 2689 508 2749 credebantur.
546 2689 596 2749 Ita
610 2690 722 2748 factum
738 2701 789 2762 est,
806 2700 838 2750 ut
854 2711 954 2750 omnes
972 2691 1036 2751 fers
1054 2710 1149 2749 mores
1169 2691 1220 2769 qui
1239 2690 1279 2749 ad

211 2802 257 2859 ins
272 2801 405 2877 gentium
421 2807 565 2878 spectant,
588 2800 708 2859 deorum
728 2802 839 2860 ultione
854 2803 943 2860 etiam
958 2800 1139 2879 temporibus
1153 2801 1278 2860 homeri-

211 2912 254 2969 cis
269 2910 506 2969 defenderentur.
542 2910 629 2969 Infra
642 2910 817 2984 videbimus,
832 2912 947 2988 legatos
965 2918 995 2970 et
1010 2911 1158 2990 supplices
1172 2932 1191 2971 a
1205 2910 1278 2970 Iove

211 3021 356 3094 defensos,
373 3022 472 3079 omnia
486 3019 606 3080 foedera
621 3022 711 3080 sacris
726 3031 841 3080 sacrata
855 3041 927 3083 esse.
971 3020 1056 3096 Quae
1071 3041 1137 3080 cum
1152 3025 1196 3081 ita
1210 3023 1278 3094 sint,

210 3133 330 3190 omnino
346 3130 578 3190 abiudicandum
593 3133 638 3190 ius
660 3133 794 3208 gentium
813 3139 941 3192 nonest.
986 3132 1066 3192 Sane
1087 3132 1207 3212 quidem
1230 3151 1280 3192 sx-

210 3242 336 3320 spectari
351 3242 466 3320 nequit,
487 3242 550 3301 fore
565 3250 598 3300 ut
613 3242 700 3301 certis
714 3241 830 3320 legibus
844 3242 920 3301 illud
934 3244 979 3301 ius
994 3244 1053 3300 iam
1068 3243 1217 3303 firmatum
1232 3242 1278 3314 sit,

209 3351 261 3411 sed
276 3352 404 3429 vestigia
417 3353 552 3430 quamvis
567 3353 615 3411 hic
630 3361 659 3411 et
674 3352 736 3410 illic
750 3373 810 3410 non
825 3354 923 3411 statim
939 3361 1117 3432 appareant,
1139 3350 1279 3429 neganda

208 3483 269 3521 non
283 3471 360 3522 sunt.
404 3461 489 3535 Quae
508 3463 635 3538 vestigia
653 3464 718 3542 ipae
737 3459 931 3522 Hnrrrnaus
951 3464 996 3522 bis
1011 3463 1110 3523 verbis
1125 3461 1275 3522 concedit:

208 3573 283 3632 Will
303 3594 372 3631 man
394 3572 490 3631 dieses
510 3593 572 3631 nun
594 3572 648 3631 das
669 3573 868 3632 Volkerrecht
883 3573 936 3633 der
954 3575 1035 3634 alten
1050 3575 1133 3633 Welt
1147 3593 1274 3645 neuneu,

208 3703 240 3741 so
255 3684 328 3741 lasst
342 3684 403 3742 sich
419 3685 503 3743 nicht
516 3682 766 3762 widersprechen3
782 3686 889 3761 gewiss
904 3683 992 3743 stand
1007 3704 1038 3744 es
1049 3685 1104 3743 auf
1115 3687 1196 3744 einer
1208 3685 1277 3744 sehr

207 3794 351 3869 geringen
368 3792 468 3866 Stuf03
494 3814 525 3853 es
539 3814 601 3852 war
615 3794 665 3854 sin
679 3796 768 3855 Theil
783 3795 835 3854 des
850 3794 1101 3870 Religionsreobts
1116 3796 1190 3854 aller
1203 3794 1276 3853 oder

206 3903 283 3962 doch
298 3903 479 3965 bestimmten
494 3905 651 3965 Nationsn.
682 3904 795 3978 Quodsi
811 3906 884 3964 haec
898 3923 962 3964 esse
975 3905 1103 3982 vestigia
1117 3905 1188 3964 iuris
1203 3924 1274 3982 gen-

207 4013 281 4072 tium
295 4034 455 4092 censemus,
480 4017 570 4075 etiam
585 4037 675 4076 cansa
690 4017 742 4076 illa
756 4016 882 4087 tollitur,
906 4036 959 4074 cur
973 4016 1018 4074 ius
1032 4016 1166 4091 gentium
1181 4014 1273 4075 Grae-
