<?xml version="1.0" encoding="UTF-8"?>
<!DOCTYPE html PUBLIC "-//W3C//DTD XHTML 1.0 Transitional//EN"
    "http://www.w3.org/TR/xhtml1/DTD/xhtml1-transitional.dtd">
<html xmlns="http://www.w3.org/1999/xhtml" xml:lang="en" lang="en">
 <head>
  <title>
</title>
<meta http-equiv="Content-Type" content="text/html;charset=utf-8" />
  <meta name='ocr-system' content='tesseract 3.04.00' />
  <meta name='ocr-capabilities' content='ocr_page ocr_carea ocr_par ocr_line ocrx_word'/>
</head>
<body>
  <div class='ocr_page' id='page_1' title='image "./devestigiisiuri01sorggoog_0014.png"; bbox 0 0 2994 4942; ppageno 0'>
   <div class='ocr_carea' id='block_1_1' title="bbox 731 318 770 380">
    <p class='ocr_par' dir='ltr' id='par_1_1' title="bbox 731 318 770 380">
     <span class='ocr_line' id='line_1_1' title="bbox 731 318 770 380; baseline 0 0"><span class='ocrx_word' id='word_1_1' title='bbox 731 318 770 380; x_wconf 83' lang='lat'><strong>13</strong></span> 
     </span>
    </p>
   </div>
   <div class='ocr_carea' id='block_1_2' title="bbox 151 504 1288 806">
    <p class='ocr_par' dir='ltr' id='par_1_2' title="bbox 151 504 1288 806">
     <span class='ocr_line' id='line_1_2' title="bbox 215 504 1288 591; baseline 0.009 -30"><span class='ocrx_word' id='word_1_2' title='bbox 215 504 265 562; x_wconf 90' lang='lat' dir='ltr'><strong>illo</strong></span> <span class='ocrx_word' id='word_1_3' title='bbox 288 512 420 584; x_wconf 88' lang='lat' dir='ltr'><strong>tempore</strong></span> <span class='ocrx_word' id='word_1_4' title='bbox 443 505 620 580; x_wconf 82' lang='lat' dir='ltr'>habebatur,</span> <span class='ocrx_word' id='word_1_5' title='bbox 650 507 840 586; x_wconf 88' lang='lat' dir='ltr'><strong>peregrinum</strong></span> <span class='ocrx_word' id='word_1_6' title='bbox 866 506 952 565; x_wconf 93' lang='lat' dir='ltr'><strong>domo</strong></span> <span class='ocrx_word' id='word_1_7' title='bbox 975 508 1137 586; x_wconf 87' lang='lat' dir='ltr'><strong>prohibere.</strong></span> <span class='ocrx_word' id='word_1_8' title='bbox 1181 511 1288 591; x_wconf 89' lang='lat' dir='ltr'><strong>Itaque</strong></span> 
     </span>
     <span class='ocr_line' id='line_1_3' title="bbox 151 614 1285 697; baseline 0.007 -25"><span class='ocrx_word' id='word_1_9' title='bbox 151 667 153 673; x_wconf 88' lang='lat'>.</span> <span class='ocrx_word' id='word_1_10' title='bbox 213 614 367 674; x_wconf 82' lang='lat' dir='ltr'>Menelaus</span> <span class='ocrx_word' id='word_1_11' title='bbox 394 616 527 676; x_wconf 83' lang='lat' dir='ltr'><strong>Eteoneo</strong></span> <span class='ocrx_word' id='word_1_12' title='bbox 555 616 711 696; x_wconf 87' lang='lat' dir='ltr'><strong>opprobrio</strong></span> <span class='ocrx_word' id='word_1_13' title='bbox 736 617 807 676; x_wconf 87' lang='lat' dir='ltr'><strong>fecit</strong></span> <span class='ocrx_word' id='word_1_14' title='bbox 831 616 911 695; x_wconf 92' lang='lat' dir='ltr'><strong>quod</strong></span> <span class='ocrx_word' id='word_1_15' title='bbox 936 620 1107 697; x_wconf 81' lang='lat' dir='ltr'><strong>peregrinos</strong></span> <span class='ocrx_word' id='word_1_16' title='bbox 1133 620 1171 680; x_wconf 85' lang='lat' dir='ltr'><strong>sd</strong></span> <span class='ocrx_word' id='word_1_17' title='bbox 1193 623 1285 680; x_wconf 87' lang='lat' dir='ltr'><strong>alium</strong></span> 
     </span>
     <span class='ocr_line' id='line_1_4' title="bbox 213 717 681 806; baseline 0.009 -24"><span class='ocrx_word' id='word_1_18' title='bbox 213 725 354 783; x_wconf 88' lang='lat' dir='ltr'><strong>missurus</strong></span> <span class='ocrx_word' id='word_1_19' title='bbox 370 735 442 786; x_wconf 89' lang='lat' dir='ltr'><strong>erat.</strong></span> <span class='ocrx_word' id='word_1_20' title='bbox 474 727 521 787; x_wconf 80' lang='lat' dir='ltr'><strong>cf.</strong></span> <span class='ocrx_word' id='word_1_21' title='bbox 538 717 557 786; x_wconf 88' lang='grc' dir='ltr'>δ</span> <span class='ocrx_word' id='word_1_22' title='bbox 572 730 613 786; x_wconf 89' lang='lat'><strong>30</strong></span> <span class='ocrx_word' id='word_1_23' title='bbox 628 747 681 806; x_wconf 89' lang='lat' dir='ltr'><strong>sqq</strong></span> 
     </span>
    </p>
   </div>
   <div class='ocr_carea' id='block_1_3' title="bbox 365 848 1155 1388">
    <p class='ocr_par' dir='ltr' id='par_1_3' title="bbox 365 848 1137 1055">
     <span class='ocr_line' id='line_1_5' title="bbox 365 848 1137 948; baseline 0.005 -27"><span class='ocrx_word' id='word_1_24' title='bbox 365 856 421 920; x_wconf 85' lang='grc' dir='ltr'><strong>τὸν</strong></span> <span class='ocrx_word' id='word_1_25' title='bbox 438 848 471 922; x_wconf 88' lang='grc' dir='ltr'><strong>δὲ</strong></span> <span class='ocrx_word' id='word_1_26' title='bbox 484 859 549 948; x_wconf 52' lang='grc' dir='ltr'><strong>μέγ</strong></span> <span class='ocrx_word' id='word_1_27' title='bbox 570 859 696 946; x_wconf 79' lang='grc' dir='ltr'>ὀχθήσας</span> <span class='ocrx_word' id='word_1_28' title='bbox 710 858 843 945; x_wconf 81' lang='grc' dir='ltr'>προσέφη</span> <span class='ocrx_word' id='word_1_29' title='bbox 860 853 966 934; x_wconf 76' lang='grc' dir='ltr'>ξανθὸς</span> <span class='ocrx_word' id='word_1_30' title='bbox 979 859 1137 936; x_wconf 82' lang='grc' dir='ltr'>Μενέλαος</span> 
     </span>
     <span class='ocr_line' id='line_1_6' title="bbox 367 961 1037 1055; baseline 0.004 -26"><span class='ocrx_word' id='word_1_31' title='bbox 367 969 401 1030; x_wconf 83' lang='grc' dir='ltr'><strong>οὐ</strong></span> <span class='ocrx_word' id='word_1_32' title='bbox 417 968 473 1055; x_wconf 79' lang='grc' dir='ltr'><strong>μὲν</strong></span> <span class='ocrx_word' id='word_1_33' title='bbox 489 969 591 1045; x_wconf 83' lang='grc' dir='ltr'>νῆπιος</span> <span class='ocrx_word' id='word_1_34' title='bbox 605 965 692 1045; x_wconf 81' lang='grc' dir='ltr'>ἦσθα,</span> <span class='ocrx_word' id='word_1_35' title='bbox 709 961 857 1042; x_wconf 89' lang='grc' dir='ltr'>Βοηθοίδη</span> <span class='ocrx_word' id='word_1_36' title='bbox 870 969 1037 1054; x_wconf 76' lang='grc' dir='ltr'>Ἐτεωνεῦ,</span> 
     </span>
    </p>

    <p class='ocr_par' dir='ltr' id='par_1_4' title="bbox 366 1072 1153 1278">
     <span class='ocr_line' id='line_1_7' title="bbox 366 1072 1153 1167; baseline 0.008 -27"><span class='ocrx_word' id='word_1_37' title='bbox 366 1076 404 1141; x_wconf 86' lang='grc' dir='ltr'><strong>τὸ</strong></span> <span class='ocrx_word' id='word_1_38' title='bbox 419 1080 495 1167; x_wconf 91' lang='grc' dir='ltr'>πρίν·</span> <span class='ocrx_word' id='word_1_39' title='bbox 511 1081 592 1164; x_wconf 83' lang='grc' dir='ltr'>άτάρ</span> <span class='ocrx_word' id='word_1_40' title='bbox 609 1079 664 1165; x_wconf 84' lang='grc' dir='ltr'><strong>μὲν</strong></span> <span class='ocrx_word' id='word_1_41' title='bbox 681 1084 733 1141; x_wconf 80' lang='grc' dir='ltr'><strong>νῦν</strong></span> <span class='ocrx_word' id='word_1_42' title='bbox 748 1101 785 1166; x_wconf 89' lang='grc' dir='ltr'>γε</span> <span class='ocrx_word' id='word_1_43' title='bbox 798 1081 869 1154; x_wconf 85' lang='grc' dir='ltr'>πάϊς</span> <span class='ocrx_word' id='word_1_44' title='bbox 883 1081 924 1154; x_wconf 77' lang='grc' dir='ltr'><strong>ὣς</strong></span> <span class='ocrx_word' id='word_1_45' title='bbox 939 1081 1030 1151; x_wconf 84' lang='grc' dir='ltr'>νῆπια</span> <span class='ocrx_word' id='word_1_46' title='bbox 1045 1072 1153 1162; x_wconf 81' lang='grc' dir='ltr'><strong>βάζεις.</strong></span> 
     </span>
     <span class='ocr_line' id='line_1_8' title="bbox 367 1179 976 1278; baseline 0.002 -26"><span class='ocrx_word' id='word_1_47' title='bbox 367 1183 385 1258; x_wconf 80' lang='grc' dir='ltr'>ἦ</span> <span class='ocrx_word' id='word_1_48' title='bbox 401 1179 511 1275; x_wconf 75' lang='grc' dir='ltr'>μὲνδὴ</span> <span class='ocrx_word' id='word_1_49' title='bbox 528 1197 582 1252; x_wconf 78' lang='grc' dir='ltr'>νῶι</span> <span class='ocrx_word' id='word_1_50' title='bbox 597 1188 710 1270; x_wconf 76' lang='grc' dir='ltr'>ξεινήια</span> <span class='ocrx_word' id='word_1_51' title='bbox 720 1190 824 1253; x_wconf 82' lang='grc' dir='ltr'>πολλοὶ</span> <span class='ocrx_word' id='word_1_52' title='bbox 841 1191 976 1278; x_wconf 84' lang='grc' dir='ltr'>φαγόντε</span> 
     </span>
    </p>

    <p class='ocr_par' dir='ltr' id='par_1_5' title="bbox 367 1292 1155 1388">
     <span class='ocr_line' id='line_1_9' title="bbox 367 1292 1155 1388; baseline 0.006 -28"><span class='ocrx_word' id='word_1_53' title='bbox 367 1298 470 1362; x_wconf 86' lang='grc' dir='ltr'>ἄλλων</span> <span class='ocrx_word' id='word_1_54' title='bbox 486 1300 652 1388; x_wconf 81' lang='grc' dir='ltr'>ἀνθρώπων</span> <span class='ocrx_word' id='word_1_55' title='bbox 669 1292 744 1386; x_wconf 83' lang='grc' dir='ltr'>δεῦρ’</span> <span class='ocrx_word' id='word_1_56' title='bbox 765 1301 875 1388; x_wconf 68' lang='lat' dir='ltr'><strong>iacincti</strong></span> <span class='ocrx_word' id='word_1_57' title='bbox 882 1350 889 1380; x_wconf 92' lang='lat'><strong>,</strong></span> <span class='ocrx_word' id='word_1_58' title='bbox 902 1305 936 1363; x_wconf 91' lang='grc' dir='ltr'><strong>αί</strong></span> <span class='ocrx_word' id='word_1_59' title='bbox 948 1301 984 1364; x_wconf 82' lang='grc' dir='ltr'><strong>κέ</strong></span> <span class='ocrx_word' id='word_1_60' title='bbox 998 1300 1067 1365; x_wconf 89' lang='grc' dir='ltr'>ποθι</span> <span class='ocrx_word' id='word_1_61' title='bbox 1082 1301 1155 1377; x_wconf 89' lang='grc' dir='ltr'>Ζεύς</span> 
     </span>
    </p>
   </div>
   <div class='ocr_carea' id='block_1_4' title="bbox 367 1401 807 1498">
    <p class='ocr_par' dir='ltr' id='par_1_6' title="bbox 367 1401 807 1498">
     <span class='ocr_line' id='line_1_10' title="bbox 367 1401 807 1498; baseline 0.007 -27"><span class='ocrx_word' id='word_1_62' title='bbox 367 1407 496 1489; x_wconf 79' lang='grc' dir='ltr'>ἐξοπίσω</span> <span class='ocrx_word' id='word_1_63' title='bbox 511 1433 566 1498; x_wconf 89' lang='grc' dir='ltr'>περ</span> <span class='ocrx_word' id='word_1_64' title='bbox 581 1411 684 1492; x_wconf 81' lang='grc' dir='ltr'>παύση</span> <span class='ocrx_word' id='word_1_65' title='bbox 701 1401 807 1485; x_wconf 78' lang='grc' dir='ltr'>ὀιζύος.</span> 
     </span>
    </p>
   </div>
   <div class='ocr_carea' id='block_1_5' title="bbox 209 1548 1286 4092">
    <p class='ocr_par' dir='ltr' id='par_1_7' title="bbox 278 1548 1283 1633">
     <span class='ocr_line' id='line_1_11' title="bbox 278 1548 1283 1633; baseline 0.007 -28"><span class='ocrx_word' id='word_1_66' title='bbox 278 1548 354 1607; x_wconf 84' lang='lat' dir='ltr'><strong>Item</strong></span> <span class='ocrx_word' id='word_1_67' title='bbox 370 1548 479 1608; x_wconf 88' lang='lat' dir='ltr'><strong>Nestor</strong></span> <span class='ocrx_word' id='word_1_68' title='bbox 493 1569 513 1633; x_wconf 89' lang='grc' dir='ltr'>γ</span> <span class='ocrx_word' id='word_1_69' title='bbox 529 1551 568 1609; x_wconf 86' lang='grc'><strong>69</strong></span> <span class='ocrx_word' id='word_1_70' title='bbox 585 1569 639 1628; x_wconf 88' lang='lat' dir='ltr'><strong>sqq</strong></span> <span class='ocrx_word' id='word_1_71' title='bbox 654 1550 821 1608; x_wconf 85' lang='lat' dir='ltr'><strong>Minervam</strong></span> <span class='ocrx_word' id='word_1_72' title='bbox 836 1549 1106 1630; x_wconf 81' lang='lat' dir='ltr'><strong>Telemachumque</strong></span> <span class='ocrx_word' id='word_1_73' title='bbox 1123 1553 1168 1611; x_wconf 93' lang='lat' dir='ltr'><strong>his</strong></span> <span class='ocrx_word' id='word_1_74' title='bbox 1184 1552 1283 1613; x_wconf 88' lang='lat' dir='ltr'><strong>verbis</strong></span> 
     </span>
    </p>

    <p class='ocr_par' dir='ltr' id='par_1_8' title="bbox 215 1656 1166 2408">
     <span class='ocr_line' id='line_1_12' title="bbox 215 1656 376 1736; baseline 0.019 -22"><span class='ocrx_word' id='word_1_75' title='bbox 215 1656 376 1736; x_wconf 82' lang='lat' dir='ltr'><strong>alloquitur</strong></span> 
     </span>
     <span class='ocr_line' id='line_1_13' title="bbox 366 1760 1104 1856; baseline 0.003 -28"><span class='ocrx_word' id='word_1_76' title='bbox 366 1772 417 1829; x_wconf 84' lang='grc' dir='ltr'><strong>νῦν</strong></span> <span class='ocrx_word' id='word_1_77' title='bbox 433 1760 470 1839; x_wconf 80' lang='grc' dir='ltr'><strong>δὴ</strong></span> <span class='ocrx_word' id='word_1_78' title='bbox 486 1767 616 1830; x_wconf 86' lang='grc' dir='ltr'>κάλλιόν</span> <span class='ocrx_word' id='word_1_79' title='bbox 632 1770 698 1829; x_wconf 75' lang='grc' dir='ltr'>ἐστι</span> <span class='ocrx_word' id='word_1_80' title='bbox 713 1769 904 1853; x_wconf 86' lang='grc' dir='ltr'>μεταλλῆσαι</span> <span class='ocrx_word' id='word_1_81' title='bbox 920 1768 972 1830; x_wconf 84' lang='grc' dir='ltr'><strong>καὶ</strong></span> <span class='ocrx_word' id='word_1_82' title='bbox 987 1768 1104 1856; x_wconf 85' lang='grc' dir='ltr'>ἐρέσθαι</span> 
     </span>
     <span class='ocr_line' id='line_1_14' title="bbox 367 1871 1109 1963; baseline 0 -23"><span class='ocrx_word' id='word_1_83' title='bbox 367 1874 485 1957; x_wconf 80' lang='grc' dir='ltr'>ξείνους,</span> <span class='ocrx_word' id='word_1_84' title='bbox 502 1876 622 1950; x_wconf 82' lang='grc' dir='ltr'>οἵτινές</span> <span class='ocrx_word' id='word_1_85' title='bbox 637 1883 717 1952; x_wconf 82' lang='grc' dir='ltr'>εἰσιν,</span> <span class='ocrx_word' id='word_1_86' title='bbox 733 1879 797 1940; x_wconf 77' lang='grc' dir='ltr'>ἐπεὶ</span> <span class='ocrx_word' id='word_1_87' title='bbox 811 1878 969 1963; x_wconf 78' lang='grc' dir='ltr'>τάρπησαν</span> <span class='ocrx_word' id='word_1_88' title='bbox 985 1871 1109 1953; x_wconf 77' lang='grc' dir='ltr'>ἐδωδῆς.</span> 
     </span>
     <span class='ocr_line' id='line_1_15' title="bbox 365 1984 1166 2076; baseline 0.002 -27"><span class='ocrx_word' id='word_1_89' title='bbox 365 1984 390 2050; x_wconf 80' lang='lat' dir='ltr'><strong>oi</strong></span> <span class='ocrx_word' id='word_1_90' title='bbox 407 1986 505 2068; x_wconf 82' lang='grc' dir='ltr'>ξεῖνοι,</span> <span class='ocrx_word' id='word_1_91' title='bbox 520 1989 598 2061; x_wconf 90' lang='grc' dir='ltr'>τίνες</span> <span class='ocrx_word' id='word_1_92' title='bbox 613 1989 698 2064; x_wconf 74' lang='grc' dir='ltr'>ίστές</span> <span class='ocrx_word' id='word_1_93' title='bbox 711 1987 801 2052; x_wconf 89' lang='grc' dir='ltr'>πόθεν</span> <span class='ocrx_word' id='word_1_94' title='bbox 815 1987 911 2052; x_wconf 78' lang='grc' dir='ltr'>πλεῖθ’</span> <span class='ocrx_word' id='word_1_95' title='bbox 931 1986 1009 2076; x_wconf 78' lang='grc' dir='ltr'>ὑγρά</span> <span class='ocrx_word' id='word_1_96' title='bbox 1024 1988 1166 2066; x_wconf 80' lang='grc' dir='ltr'>κέλευθα;</span> 
     </span>
     <span class='ocr_line' id='line_1_16' title="bbox 366 2091 1026 2184; baseline 0.005 -24"><span class='ocrx_word' id='word_1_97' title='bbox 366 2093 385 2169; x_wconf 84' lang='grc' dir='ltr'>ῆ</span> <span class='ocrx_word' id='word_1_98' title='bbox 400 2123 431 2161; x_wconf 94' lang='grc' dir='ltr'>τι</span> <span class='ocrx_word' id='word_1_99' title='bbox 445 2094 529 2161; x_wconf 82' lang='grc' dir='ltr'>κατὰ</span> <span class='ocrx_word' id='word_1_100' title='bbox 543 2095 650 2184; x_wconf 80' lang='grc' dir='ltr'>πρῆξιν</span> <span class='ocrx_word' id='word_1_101' title='bbox 666 2093 685 2170; x_wconf 71' lang='lat' dir='ltr'><strong>ri</strong></span> <span class='ocrx_word' id='word_1_102' title='bbox 701 2091 848 2183; x_wconf 74' lang='grc' dir='ltr'>μαψιδίως</span> <span class='ocrx_word' id='word_1_103' title='bbox 863 2098 1026 2179; x_wconf 78' lang='grc' dir='ltr'>ἀλάλησθε,</span> 
     </span>
     <span class='ocr_line' id='line_1_17' title="bbox 366 2204 1123 2296; baseline 0.003 -26"><span class='ocrx_word' id='word_1_104' title='bbox 366 2204 414 2270; x_wconf 80' lang='grc' dir='ltr'><strong>οἷά</strong></span> <span class='ocrx_word' id='word_1_105' title='bbox 430 2232 466 2272; x_wconf 92' lang='grc' dir='ltr'>τε</span> <span class='ocrx_word' id='word_1_106' title='bbox 481 2213 651 2296; x_wconf 77' lang='grc' dir='ltr'>ληιστῆρες,</span> <span class='ocrx_word' id='word_1_107' title='bbox 666 2209 749 2293; x_wconf 79' lang='grc' dir='ltr'>ὑπεὶρ</span> <span class='ocrx_word' id='word_1_108' title='bbox 766 2208 843 2287; x_wconf 75' lang='grc' dir='ltr'>ἅλα,</span> <span class='ocrx_word' id='word_1_109' title='bbox 858 2209 907 2272; x_wconf 91' lang='grc' dir='ltr'><strong>τοί</strong></span> <span class='ocrx_word' id='word_1_110' title='bbox 921 2211 948 2272; x_wconf 89' lang='grc' dir='ltr'><strong>τ’</strong></span> <span class='ocrx_word' id='word_1_111' title='bbox 967 2209 1123 2273; x_wconf 80' lang='grc' dir='ltr'>ἅλ’ωνται</span> 
     </span>
     <span class='ocr_line' id='line_1_18' title="bbox 364 2313 1157 2408; baseline 0.005 -28"><span class='ocrx_word' id='word_1_112' title='bbox 364 2316 459 2405; x_wconf 75' lang='grc' dir='ltr'>ψυχὰς</span> <span class='ocrx_word' id='word_1_113' title='bbox 473 2318 660 2405; x_wconf 82' lang='grc' dir='ltr'>παρθέμενοι,</span> <span class='ocrx_word' id='word_1_114' title='bbox 675 2316 771 2382; x_wconf 86' lang='grc' dir='ltr'>κακὸν</span> <span class='ocrx_word' id='word_1_115' title='bbox 787 2313 994 2383; x_wconf 79' lang='grc' dir='ltr'>ἀλλοδαποῖσι</span> <span class='ocrx_word' id='word_1_116' title='bbox 1009 2318 1157 2408; x_wconf 80' lang='grc' dir='ltr'>φέροντες.</span> 
     </span>
    </p>

    <p class='ocr_par' dir='ltr' id='par_1_9' title="bbox 209 2463 1286 3867">
     <span class='ocr_line' id='line_1_19' title="bbox 276 2463 1286 2545; baseline 0.002 -21"><span class='ocrx_word' id='word_1_117' title='bbox 276 2463 361 2539; x_wconf 77' lang='lat' dir='ltr'><strong>Quae</strong></span> <span class='ocrx_word' id='word_1_118' title='bbox 383 2466 474 2526; x_wconf 83' lang='lat' dir='ltr'><strong>verbe</strong></span> <span class='ocrx_word' id='word_1_119' title='bbox 496 2468 595 2526; x_wconf 83' lang='lat' dir='ltr'><strong>omnis</strong></span> <span class='ocrx_word' id='word_1_120' title='bbox 616 2467 665 2525; x_wconf 92' lang='lat' dir='ltr'><strong>hic</strong></span> <span class='ocrx_word' id='word_1_121' title='bbox 680 2466 898 2545; x_wconf 84' lang='lat' dir='ltr'><strong>adscripsimus,</strong></span> <span class='ocrx_word' id='word_1_122' title='bbox 921 2466 1029 2545; x_wconf 91' lang='lat' dir='ltr'><strong>quibus</strong></span> <span class='ocrx_word' id='word_1_123' title='bbox 1044 2466 1286 2542; x_wconf 80' lang='lat' dir='ltr'><strong>demonstremus,</strong></span> 
     </span>
     <span class='ocr_line' id='line_1_20' title="bbox 211 2574 1286 2656; baseline 0.004 -24"><span class='ocrx_word' id='word_1_124' title='bbox 211 2576 300 2653; x_wconf 89' lang='lat' dir='ltr'><strong>quale</strong></span> <span class='ocrx_word' id='word_1_125' title='bbox 326 2585 389 2634; x_wconf 90' lang='lat' dir='ltr'><strong>tum</strong></span> <span class='ocrx_word' id='word_1_126' title='bbox 414 2576 504 2635; x_wconf 86' lang='lat' dir='ltr'><strong>fuerit</strong></span> <span class='ocrx_word' id='word_1_127' title='bbox 526 2578 695 2655; x_wconf 85' lang='lat' dir='ltr'><strong>hospitium.</strong></span> <span class='ocrx_word' id='word_1_128' title='bbox 740 2574 878 2655; x_wconf 85' lang='lat' dir='ltr'><strong>Namque</strong></span> <span class='ocrx_word' id='word_1_129' title='bbox 899 2577 1131 2637; x_wconf 90' lang='lat' dir='ltr'><strong>luculentissime</strong></span> <span class='ocrx_word' id='word_1_130' title='bbox 1152 2586 1286 2656; x_wconf 86' lang='lat' dir='ltr'><strong>apparet,</strong></span> 
     </span>
     <span class='ocr_line' id='line_1_21' title="bbox 210 2683 1285 2767; baseline 0.005 -25"><span class='ocrx_word' id='word_1_131' title='bbox 210 2704 248 2742; x_wconf 94' lang='lat' dir='ltr'><strong>ne</strong></span> <span class='ocrx_word' id='word_1_132' title='bbox 263 2683 461 2763; x_wconf 88' lang='lat' dir='ltr'><strong>praedonibus</strong></span> <span class='ocrx_word' id='word_1_133' title='bbox 470 2686 589 2765; x_wconf 90' lang='lat' dir='ltr'><strong>quidem</strong></span> <span class='ocrx_word' id='word_1_134' title='bbox 600 2686 760 2764; x_wconf 90' lang='lat' dir='ltr'><strong>hospitium</strong></span> <span class='ocrx_word' id='word_1_135' title='bbox 773 2696 914 2763; x_wconf 82' lang='lat' dir='ltr'><strong>negatum</strong></span> <span class='ocrx_word' id='word_1_136' title='bbox 929 2706 993 2747; x_wconf 88' lang='lat' dir='ltr'><strong>esse</strong></span> <span class='ocrx_word' id='word_1_137' title='bbox 1003 2706 1101 2767; x_wconf 90' lang='lat' dir='ltr'><strong>neque</strong></span> <span class='ocrx_word' id='word_1_138' title='bbox 1111 2687 1285 2747; x_wconf 81' lang='lat' dir='ltr'><strong>incredibile</strong></span> 
     </span>
     <span class='ocr_line' id='line_1_22' title="bbox 210 2794 1280 2876; baseline 0.004 -24"><span class='ocrx_word' id='word_1_139' title='bbox 210 2795 284 2854; x_wconf 92' lang='lat' dir='ltr'><strong>mihi</strong></span> <span class='ocrx_word' id='word_1_140' title='bbox 298 2813 361 2854; x_wconf 89' lang='lat' dir='ltr'><strong>esse</strong></span> <span class='ocrx_word' id='word_1_141' title='bbox 372 2795 498 2870; x_wconf 88' lang='lat' dir='ltr'><strong>videtur,</strong></span> <span class='ocrx_word' id='word_1_142' title='bbox 514 2816 552 2856; x_wconf 85' lang='lat' dir='ltr'><strong>ex</strong></span> <span class='ocrx_word' id='word_1_143' title='bbox 566 2794 691 2855; x_wconf 85' lang='lat' dir='ltr'><strong>advenis</strong></span> <span class='ocrx_word' id='word_1_144' title='bbox 706 2796 828 2874; x_wconf 83' lang='lat' dir='ltr'><strong>quinam</strong></span> <span class='ocrx_word' id='word_1_145' title='bbox 844 2805 941 2856; x_wconf 89' lang='lat' dir='ltr'><strong>essent</strong></span> <span class='ocrx_word' id='word_1_146' title='bbox 956 2818 1017 2856; x_wconf 90' lang='lat' dir='ltr'><strong>non</strong></span> <span class='ocrx_word' id='word_1_147' title='bbox 1032 2798 1198 2876; x_wconf 87' lang='lat' dir='ltr'><strong>quaesitum</strong></span> <span class='ocrx_word' id='word_1_148' title='bbox 1210 2817 1280 2871; x_wconf 87' lang='lat' dir='ltr'><strong>esse,</strong></span> 
     </span>
     <span class='ocr_line' id='line_1_23' title="bbox 210 2904 1286 2986; baseline 0.004 -24"><span class='ocrx_word' id='word_1_149' title='bbox 210 2923 249 2963; x_wconf 91' lang='lat' dir='ltr'><strong>ne</strong></span> <span class='ocrx_word' id='word_1_150' title='bbox 263 2905 339 2964; x_wconf 89' lang='lat' dir='ltr'><strong>forte</strong></span> <span class='ocrx_word' id='word_1_151' title='bbox 354 2925 385 2965; x_wconf 87' lang='lat' dir='ltr'><strong>ss</strong></span> <span class='ocrx_word' id='word_1_152' title='bbox 400 2907 520 2986; x_wconf 90' lang='lat' dir='ltr'><strong>hospitii</strong></span> <span class='ocrx_word' id='word_1_153' title='bbox 534 2906 676 2965; x_wconf 89' lang='lat' dir='ltr'><strong>beneficio</strong></span> <span class='ocrx_word' id='word_1_154' title='bbox 690 2904 829 2982; x_wconf 86' lang='lat' dir='ltr'><strong>indignos</strong></span> <span class='ocrx_word' id='word_1_155' title='bbox 844 2907 1028 2986; x_wconf 88' lang='lat' dir='ltr'><strong>praeberent.</strong></span> <span class='ocrx_word' id='word_1_156' title='bbox 1055 2907 1120 2968; x_wconf 88' lang='lat' dir='ltr'><strong>Nec</strong></span> <span class='ocrx_word' id='word_1_157' title='bbox 1135 2908 1286 2968; x_wconf 82' lang='lat' dir='ltr'><strong>sceleratis</strong></span> 
     </span>
     <span class='ocr_line' id='line_1_24' title="bbox 211 3011 1285 3097; baseline 0.005 -25"><span class='ocrx_word' id='word_1_158' title='bbox 211 3015 370 3093; x_wconf 87' lang='lat' dir='ltr'><strong>hospitium</strong></span> <span class='ocrx_word' id='word_1_159' title='bbox 386 3024 526 3093; x_wconf 84' lang='lat' dir='ltr'><strong>negatum</strong></span> <span class='ocrx_word' id='word_1_160' title='bbox 542 3025 602 3076; x_wconf 90' lang='lat' dir='ltr'><strong>est:</strong></span> <span class='ocrx_word' id='word_1_161' title='bbox 619 3016 656 3075; x_wconf 87' lang='lat' dir='ltr'><strong>cf.</strong></span> <span class='ocrx_word' id='word_1_162' title='bbox 672 3011 684 3075; x_wconf 98' lang='lat' dir='ltr'><strong>l</strong></span> <span class='ocrx_word' id='word_1_163' title='bbox 700 3018 762 3075; x_wconf 82' lang='lat'><strong>478</strong></span> <span class='ocrx_word' id='word_1_164' title='bbox 778 3036 841 3096; x_wconf 91' lang='lat' dir='ltr'><strong>sqq.</strong></span> <span class='ocrx_word' id='word_1_165' title='bbox 864 3017 956 3077; x_wconf 88' lang='lat' dir='ltr'><strong>Velut</strong></span> <span class='ocrx_word' id='word_1_166' title='bbox 970 3018 1125 3077; x_wconf 81' lang='lat' dir='ltr'><strong>Patroclus</strong></span> <span class='ocrx_word' id='word_1_167' title='bbox 1140 3019 1203 3097; x_wconf 92' lang='lat' dir='ltr'><strong>ipse</strong></span> <span class='ocrx_word' id='word_1_168' title='bbox 1218 3038 1285 3077; x_wconf 85' lang='lat' dir='ltr'><strong>nar-</strong></span> 
     </span>
     <span class='ocr_line' id='line_1_25' title="bbox 210 3126 1284 3207; baseline 0.005 -25"><span class='ocrx_word' id='word_1_169' title='bbox 210 3133 264 3197; x_wconf 89' lang='lat' dir='ltr'><strong>rat,</strong></span> <span class='ocrx_word' id='word_1_170' title='bbox 282 3145 312 3184; x_wconf 88' lang='lat' dir='ltr'><strong>se</strong></span> <span class='ocrx_word' id='word_1_171' title='bbox 324 3126 450 3186; x_wconf 84' lang='lat' dir='ltr'><strong>Phthiae</strong></span> <span class='ocrx_word' id='word_1_172' title='bbox 464 3126 583 3186; x_wconf 87' lang='lat' dir='ltr'><strong>aPeleo</strong></span> <span class='ocrx_word' id='word_1_173' title='bbox 590 3126 718 3186; x_wconf 86' lang='lat' dir='ltr'><strong>Achillis</strong></span> <span class='ocrx_word' id='word_1_174' title='bbox 729 3135 814 3207; x_wconf 86' lang='lat' dir='ltr'><strong>patre</strong></span> <span class='ocrx_word' id='word_1_175' title='bbox 826 3129 949 3187; x_wconf 88' lang='lat' dir='ltr'><strong>comiter</strong></span> <span class='ocrx_word' id='word_1_176' title='bbox 959 3136 1116 3207; x_wconf 88' lang='lat' dir='ltr'><strong>exceptum</strong></span> <span class='ocrx_word' id='word_1_177' title='bbox 1131 3147 1203 3203; x_wconf 85' lang='lat' dir='ltr'><strong>esse,</strong></span> <span class='ocrx_word' id='word_1_178' title='bbox 1216 3149 1284 3187; x_wconf 90' lang='lat' dir='ltr'><strong>cum</strong></span> 
     </span>
     <span class='ocr_line' id='line_1_26' title="bbox 210 3236 1285 3316; baseline 0.004 -22"><span class='ocrx_word' id='word_1_179' title='bbox 210 3244 294 3313; x_wconf 87' lang='lat' dir='ltr'><strong>petre</strong></span> <span class='ocrx_word' id='word_1_180' title='bbox 306 3257 358 3314; x_wconf 93' lang='lat' dir='ltr'><strong>pro</strong></span> <span class='ocrx_word' id='word_1_181' title='bbox 370 3245 463 3296; x_wconf 89' lang='lat' dir='ltr'><strong>matre</strong></span> <span class='ocrx_word' id='word_1_182' title='bbox 474 3237 553 3295; x_wconf 89' lang='lat' dir='ltr'><strong>ultus</strong></span> <span class='ocrx_word' id='word_1_183' title='bbox 565 3245 754 3316; x_wconf 64' lang='lat' dir='ltr'><strong>esset—÷qua</strong></span> <span class='ocrx_word' id='word_1_184' title='bbox 769 3236 806 3296; x_wconf 90' lang='lat' dir='ltr'><strong>de</strong></span> <span class='ocrx_word' id='word_1_185' title='bbox 820 3257 853 3296; x_wconf 90' lang='lat' dir='ltr'><strong>re</strong></span> <span class='ocrx_word' id='word_1_186' title='bbox 868 3238 1013 3316; x_wconf 87' lang='lat' dir='ltr'><strong>copiosius</strong></span> <span class='ocrx_word' id='word_1_187' title='bbox 1027 3237 1191 3298; x_wconf 88' lang='lat' dir='ltr'><strong>disserendi</strong></span> <span class='ocrx_word' id='word_1_188' title='bbox 1205 3238 1285 3305; x_wconf 85' lang='lat' dir='ltr'><strong>infra</strong></span> 
     </span>
     <span class='ocr_line' id='line_1_27' title="bbox 210 3346 1284 3426; baseline 0.004 -23"><span class='ocrx_word' id='word_1_189' title='bbox 210 3346 292 3404; x_wconf 91' lang='lat' dir='ltr'><strong>locus</strong></span> <span class='ocrx_word' id='word_1_190' title='bbox 320 3347 383 3406; x_wconf 89' lang='lat' dir='ltr'><strong>erit.</strong></span> <span class='ocrx_word' id='word_1_191' title='bbox 427 3347 558 3426; x_wconf 92' lang='lat' dir='ltr'><strong>Hospitii</strong></span> <span class='ocrx_word' id='word_1_192' title='bbox 585 3348 677 3423; x_wconf 84' lang='lat' dir='ltr'><strong>igitur</strong></span> <span class='ocrx_word' id='word_1_193' title='bbox 699 3347 830 3406; x_wconf 83' lang='lat' dir='ltr'><strong>officium</strong></span> <span class='ocrx_word' id='word_1_194' title='bbox 858 3367 924 3406; x_wconf 90' lang='lat' dir='ltr'><strong>cum</strong></span> <span class='ocrx_word' id='word_1_195' title='bbox 940 3347 1075 3407; x_wconf 89' lang='lat' dir='ltr'><strong>omnibus</strong></span> <span class='ocrx_word' id='word_1_196' title='bbox 1090 3348 1128 3407; x_wconf 87' lang='lat' dir='ltr'><strong>ab</strong></span> <span class='ocrx_word' id='word_1_197' title='bbox 1149 3348 1284 3408; x_wconf 91' lang='lat' dir='ltr'><strong>omnibus</strong></span> 
     </span>
     <span class='ocr_line' id='line_1_28' title="bbox 209 3455 1284 3537; baseline 0.004 -23"><span class='ocrx_word' id='word_1_198' title='bbox 209 3455 407 3535; x_wconf 80' lang='lat' dir='ltr'><strong>praeberetur,</strong></span> <span class='ocrx_word' id='word_1_199' title='bbox 427 3465 527 3517; x_wconf 91' lang='lat' dir='ltr'><strong>tamen</strong></span> <span class='ocrx_word' id='word_1_200' title='bbox 543 3465 773 3516; x_wconf 89' lang='lat' dir='ltr'><strong>consentaneum</strong></span> <span class='ocrx_word' id='word_1_201' title='bbox 789 3467 842 3531; x_wconf 89' lang='lat' dir='ltr'><strong>est,</strong></span> <span class='ocrx_word' id='word_1_202' title='bbox 857 3460 1025 3537; x_wconf 89' lang='lat' dir='ltr'><strong>principum</strong></span> <span class='ocrx_word' id='word_1_203' title='bbox 1045 3459 1173 3517; x_wconf 86' lang='lat' dir='ltr'><strong>maxime</strong></span> <span class='ocrx_word' id='word_1_204' title='bbox 1195 3459 1284 3518; x_wconf 89' lang='lat' dir='ltr'><strong>inter·</strong></span> 
     </span>
     <span class='ocr_line' id='line_1_29' title="bbox 209 3566 1283 3642; baseline 0.002 -18"><span class='ocrx_word' id='word_1_205' title='bbox 209 3567 309 3642; x_wconf 88' lang='lat' dir='ltr'><strong>fuisse,</strong></span> <span class='ocrx_word' id='word_1_206' title='bbox 334 3576 367 3625; x_wconf 86' lang='lat' dir='ltr'><strong>ut</strong></span> <span class='ocrx_word' id='word_1_207' title='bbox 393 3587 508 3626; x_wconf 85' lang='lat' dir='ltr'><strong>summa</strong></span> <span class='ocrx_word' id='word_1_208' title='bbox 534 3568 591 3626; x_wconf 89' lang='lat' dir='ltr'><strong>hac</strong></span> <span class='ocrx_word' id='word_1_209' title='bbox 616 3567 705 3628; x_wconf 88' lang='lat' dir='ltr'><strong>laudo</strong></span> <span class='ocrx_word' id='word_1_210' title='bbox 725 3569 870 3627; x_wconf 87' lang='lat' dir='ltr'><strong>florerent.</strong></span> <span class='ocrx_word' id='word_1_211' title='bbox 915 3566 1000 3641; x_wconf 79' lang='lat' dir='ltr'><strong>Quae</strong></span> <span class='ocrx_word' id='word_1_212' title='bbox 1023 3587 1090 3626; x_wconf 93' lang='lat' dir='ltr'><strong>cum</strong></span> <span class='ocrx_word' id='word_1_213' title='bbox 1114 3568 1157 3626; x_wconf 85' lang='lat' dir='ltr'><strong>ita</strong></span> <span class='ocrx_word' id='word_1_214' title='bbox 1177 3576 1283 3642; x_wconf 89' lang='lat' dir='ltr'><strong>essent,</strong></span> 
     </span>
     <span class='ocr_line' id='line_1_30' title="bbox 209 3677 1284 3757; baseline 0.002 -22"><span class='ocrx_word' id='word_1_215' title='bbox 209 3678 406 3737; x_wconf 82' lang='lat' dir='ltr'><strong>Telemachus</strong></span> <span class='ocrx_word' id='word_1_216' title='bbox 422 3679 612 3737; x_wconf 87' lang='lat' dir='ltr'><strong>vehementer</strong></span> <span class='ocrx_word' id='word_1_217' title='bbox 627 3678 720 3737; x_wconf 86' lang='lat' dir='ltr'><strong>iratus</strong></span> <span class='ocrx_word' id='word_1_218' title='bbox 735 3685 787 3752; x_wconf 90' lang='lat' dir='ltr'><strong>est,</strong></span> <span class='ocrx_word' id='word_1_219' title='bbox 810 3677 890 3757; x_wconf 90' lang='lat' dir='ltr'><strong>quod</strong></span> <span class='ocrx_word' id='word_1_220' title='bbox 905 3678 1095 3757; x_wconf 86' lang='lat' dir='ltr'><strong>peregrinum</strong></span> <span class='ocrx_word' id='word_1_221' title='bbox 1117 3679 1149 3737; x_wconf 92' lang='lat' dir='ltr'><strong>in</strong></span> <span class='ocrx_word' id='word_1_222' title='bbox 1171 3677 1284 3738; x_wconf 87' lang='lat' dir='ltr'><strong>foribus</strong></span> 
     </span>
     <span class='ocr_line' id='line_1_31' title="bbox 210 3788 637 3867; baseline 0.005 -23"><span class='ocrx_word' id='word_1_223' title='bbox 210 3795 336 3846; x_wconf 87' lang='lat' dir='ltr'><strong>stantem</strong></span> <span class='ocrx_word' id='word_1_224' title='bbox 351 3788 427 3847; x_wconf 89' lang='lat' dir='ltr'><strong>vidit</strong></span> <span class='ocrx_word' id='word_1_225' title='bbox 441 3788 479 3847; x_wconf 86' lang='lat' dir='ltr'><strong>cf.</strong></span> <span class='ocrx_word' id='word_1_226' title='bbox 496 3810 517 3846; x_wconf 95' lang='grc' dir='ltr'>α</span> <span class='ocrx_word' id='word_1_227' title='bbox 530 3791 589 3847; x_wconf 87' lang='grc'><strong>119</strong></span> <span class='ocrx_word' id='word_1_228' title='bbox 603 3808 637 3867; x_wconf 90' lang='lat' dir='ltr'><strong>sq</strong></span> 
     </span>
    </p>

    <p class='ocr_par' dir='ltr' id='par_1_10' title="bbox 363 3886 1099 4092">
     <span class='ocr_line' id='line_1_32' title="bbox 363 3886 1099 3982; baseline -0.001 -26"><span class='ocrx_word' id='word_1_229' title='bbox 363 3897 403 3976; x_wconf 80' lang='grc' dir='ltr'><strong>βῆ</strong></span> <span class='ocrx_word' id='word_1_230' title='bbox 422 3887 448 3956; x_wconf 86' lang='grc' dir='ltr'><strong>δ’</strong></span> <span class='ocrx_word' id='word_1_231' title='bbox 469 3892 530 3969; x_wconf 83' lang='grc' dir='ltr'>ἰθὺς</span> <span class='ocrx_word' id='word_1_232' title='bbox 543 3893 710 3982; x_wconf 85' lang='grc' dir='ltr'>προθύροιο,</span> <span class='ocrx_word' id='word_1_233' title='bbox 725 3892 890 3979; x_wconf 76' lang='grc' dir='ltr'>νερεσσῆθη</span> <span class='ocrx_word' id='word_1_234' title='bbox 912 3886 938 3955; x_wconf 77' lang='grc' dir='ltr'><strong>δ’</strong></span> <span class='ocrx_word' id='word_1_235' title='bbox 957 3894 1001 3957; x_wconf 78' lang='grc' dir='ltr'><strong>ἐνὶ</strong></span> <span class='ocrx_word' id='word_1_236' title='bbox 1015 3892 1099 3981; x_wconf 82' lang='grc' dir='ltr'>θυμῷ</span> 
     </span>
     <span class='ocr_line' id='line_1_33' title="bbox 364 3997 883 4092; baseline 0 -25"><span class='ocrx_word' id='word_1_237' title='bbox 364 4001 458 4083; x_wconf 81' lang='grc' dir='ltr'>ξεῖνον</span> <span class='ocrx_word' id='word_1_238' title='bbox 474 3997 554 4074; x_wconf 80' lang='grc' dir='ltr'>δηθὰ</span> <span class='ocrx_word' id='word_1_239' title='bbox 568 4003 688 4091; x_wconf 72' lang='grc' dir='ltr'>θύρῃσιν</span> <span class='ocrx_word' id='word_1_240' title='bbox 704 4005 883 4092; x_wconf 77' lang='grc' dir='ltr'>ἐφεστάμεν·</span> 
     </span>
    </p>
   </div>
   <div class='ocr_carea' id='block_1_6' title="bbox 0 0 1502 4942">
    <p class='ocr_par' dir='ltr' id='par_1_11' title="bbox 0 0 1502 4942">
     <span class='ocr_line' id='line_1_34' title="bbox 0 0 1502 4942; baseline 0 2"><span class='ocrx_word' id='word_1_241' title='bbox 0 0 1502 4942; x_wconf 95' lang='lat' dir='ltr'><strong> </strong></span> 
     </span>
    </p>
   </div>
  </div>
 </body>
</html>
