2994 4942
722 323 765 388 54

205 513 310 571 cilium
327 515 437 572 vocatis
452 513 525 572 nihil
542 511 622 571 aliud
636 532 804 571 concessum
818 521 882 572 erat
892 515 950 573 nisi
960 515 1096 573 assentiri
1108 515 1156 574 vel
1170 514 1286 575 dissen-

208 625 273 697 tire,
289 633 388 683 tamen
404 623 579 682 nonnullum
595 624 639 680 ius
655 624 690 682 iis
706 643 822 702 quoque
844 623 947 683 datum
966 644 1029 683 esse
1049 624 1193 685 videmus.
1231 627 1283 687 Ita

209 734 321 792 factum
337 743 388 808 est,
403 742 436 793 ut
450 734 637 811 Agamemno
652 734 783 793 Graecos
798 735 830 792 in
851 734 991 794 concione
1011 735 1227 811 adhortaretur,
1247 744 1282 796 ut

210 843 328 903 domum
343 844 481 904 redirent.
522 843 602 918 Quin
625 845 715 903 etiam
731 843 861 904 Graecos
880 845 950 903 vino
965 853 1100 906 oneratos
1115 867 1282 909 convocare

210 954 395 1031 Agamemno
410 964 440 1013 et
455 955 610 1014 Menelaus
625 976 684 1013 non
701 955 924 1028 dubitaverunt,
947 977 1014 1015 cum
1035 957 1177 1017 dissensio
1191 966 1279 1031 esset,

210 1074 308 1123 utrum
324 1065 442 1124 domum
457 1064 589 1124 redirent
604 1086 705 1124 necne.
751 1065 810 1124 Sed
825 1069 984 1145 quaeritur,
1006 1067 1151 1147 quomodo
1172 1067 1283 1127 milites

210 1177 288 1233 illius
304 1176 417 1234 consilii
433 1175 570 1254 capiendi
586 1178 745 1254 participes
767 1176 839 1235 facti
861 1178 927 1236 sint.
973 1179 1105 1237 Tantum
1126 1177 1225 1253 abest,
1248 1187 1283 1237 ut

209 1304 245 1344 ex
261 1286 403 1344 militibus
418 1287 489 1364 ipsis
505 1288 685 1346 surrexerint
699 1289 751 1366 qui
765 1296 975 1366 proponerent,
997 1297 1029 1346 ut
1052 1288 1142 1348 duces
1165 1278 1220 1347 soli
1243 1288 1280 1348 ad

209 1396 367 1455 dicendum
397 1398 578 1455 surrexerint
603 1398 770 1477 militesque
795 1399 1019 1458 circumstantes
1045 1399 1132 1457 claris
1157 1397 1282 1457 vocibus

210 1516 261 1565 aut
275 1506 464 1565 laudaverint
479 1515 568 1586 atque
583 1507 815 1587 approbaverint
829 1516 881 1566 aut
895 1508 1077 1568 fremuerint.
1106 1494 1199 1568 Velut
1210 1529 1280 1569 cum

210 1619 314 1677 Ulixes
340 1614 364 1676 Β
381 1620 439 1676 331
462 1616 501 1675 ad
519 1618 681 1676 exercitum
701 1638 764 1677 sese
784 1626 968 1678 converteret
986 1619 1151 1698 militesque
1172 1618 1279 1679 adhor-

209 1737 329 1801 taretur,
349 1735 381 1785 ut
396 1736 558 1801 manerent,
579 1729 623 1798 illi
644 1730 706 1788 eius
721 1728 812 1789 verba
826 1729 919 1787 multo
933 1729 1061 1788 clamore
1080 1729 1279 1789 laudaverunt

209 1839 353 1917 laetisque
368 1838 465 1896 verbis
480 1839 728 1898 acclamaverunt.
761 1838 806 1898 Of.
824 1834 848 1897 B
865 1842 926 1898 333
942 1859 996 1918 sqq

363 1946 403 2018 ὥς
420 1945 518 2030 ἔφατ’,
531 1944 665 2033 Ἀργεῖοι
680 1936 714 2009 δὲ
730 1946 795 2033 μέγ’
815 1949 900 2032 ἴαχον
916 1983 958 1991 -
973 1947 1050 2032 ἀμφὶ
1064 1938 1100 2009 δὲ
1115 1957 1182 2020 νῆες

362 2048 547 2142 σμερδαλέον
564 2058 735 2137 κονάβησαν
752 2057 914 2119 αὐσοὶντων
930 2059 975 2121 ὑπ’
991 2057 1129 2144 Ἀχαιῶν
1147 2094 1189 2102 -

363 2166 454 2252 μῦθον
471 2166 689 2240 ἐπαινήσαντες
703 2160 879 2242 Ὀδυσσῆος
893 2167 990 2231 beloto.

273 2281 379 2341 Paullo
394 2288 461 2360 post
476 2277 501 2340 B
517 2282 579 2339 394
600 2281 708 2339 milites
722 2280 943 2358 Agamemnoni
963 2303 1079 2363 quoque
1098 2280 1282 2361 applausisse

197 2401 380 2467 ¹narrantur:

363 2500 403 2574 ὣς
418 2500 516 2585 ἔφατ’,
528 2498 663 2587 Ἀργεῖοι
679 2492 714 2563 δὲ
730 2499 794 2588 μέγ’
815 2503 909 2586 ἴαχον,
925 2499 966 2574 ὠς
977 2498 1034 2563 ’ὅτε
1048 2506 1140 2588 κῦμα.

275 2612 394 2672 Deinde
414 2634 481 2672 cum
499 2614 651 2673 Thersites
671 2614 722 2673 ille
742 2613 780 2673 ab
800 2615 890 2674 Ulixe
910 2614 1031 2692 punitus
1057 2622 1145 2687 esset,
1171 2613 1280 2673 milites

210 2725 338 2783 riserunt
352 2724 477 2803 ideoque
492 2744 643 2783 assensum
660 2724 865 2800 significarunt
881 2721 905 2784 B
922 2727 984 2783 270

364 2836 391 2893 οἱ
406 2824 441 2894 δὲ
456 2832 508 2895 καὶ
523 2831 684 2919 ἀχνύμενοί
698 2855 753 2920 περ
769 2833 813 2895 tal
834 2837 918 2914 αὐτῷ
934 2825 992 2903 ἡδὺ
1008 2831 1172 2919 γέλασσαν.

274 2945 352 3002 Tum
367 2964 437 3004 vero
452 2947 507 3004 hoc
522 2946 567 3003 ius
583 2947 773 3005 conciliorum
785 2945 1041 3005 convocandorum
1056 2966 1115 3003 non
1130 2945 1183 3002 uni
1197 2942 1279 3020 Aga-

210 3057 359 3114 memnoni
374 3077 487 3114 summo
502 3056 570 3114 duci
585 3064 657 3129 erat,
674 3056 725 3116 sed
741 3058 831 3116 etiarn
842 3056 976 3115 Achilles
993 3057 1156 3116 exercitum
1167 3055 1200 3113 in
1210 3074 1279 3113 con·

210 3169 324 3225 cionem
336 3167 518 3226 convocavit.
551 3165 597 3225 Of.
614 3161 638 3227 A
657 3168 698 3225 54

361 3280 403 3358 τῇ
419 3266 536 3355 δεαοὲτνι
554 3267 579 3335 δ’
598 3266 750 3360 ἀγορήνδε
764 3274 939 3336 καλέσσατο
954 3273 1030 3337 λαὸν
1043 3269 1213 3358 Ἀχιλλεύς.

273 3387 386 3462 Quodsi
408 3387 595 3464 Agamemno
615 3407 718 3446 revera
738 3408 867 3446 summus
887 3387 949 3446 dux
968 3407 1021 3446 sua
1040 3387 1131 3464 ipsius
1146 3385 1280 3463 potentia

209 3507 297 3577 atque
312 3500 487 3557 auctoritate
501 3497 597 3556 factus
613 3506 684 3571 erat,
699 3500 751 3556 vix
767 3497 908 3557 credibile
929 3505 981 3570 est,
1003 3518 1070 3557 eum
1092 3494 1278 3566 concessisse,

209 3615 242 3666 ut
262 3609 294 3666 in
314 3609 378 3667 iure
398 3610 490 3687 ipsius
510 3607 754 3685 interpellaretur.
800 3608 865 3668 Nec
885 3618 984 3668 tamen
1003 3607 1190 3685 Agamemno
1212 3624 1279 3662 curn

209 3719 342 3777 Achilles
355 3718 486 3778 Graecos
497 3703 681 3791 convocaret,
697 3717 852 3798 prohibere
867 3717 989 3783 studuit,
1006 3705 1280 3796 quominussconcio

208 3829 307 3903 fieret,
341 3828 391 3887 sed
414 3848 514 3887 omnes
534 3828 641 3889 Graeci
660 3830 829 3908 frequentes
858 3835 1059 3887 convenerunt
1087 3826 1280 3904 Achillaeque

209 3939 428 4016 Agamemnoni
455 3940 512 4017 ipsi
539 3940 740 4018 praescripsit,
768 3938 838 4018 qnid
863 3938 1034 3998 faciendum
1059 3946 1144 3999 esset.
1190 3934 1278 3994 Adde

210 4050 287 4127 quod
307 4052 359 4109 vix
378 4051 506 4108 militum
530 4050 669 4109 concione
688 4050 736 4109 vel
759 4050 926 4128 principum
949 4049 1076 4108 concilio
1096 4068 1169 4127 opus
1189 4048 1279 4105 fuisse
