2994 4942
734 328 772 391 21

285 519 352 579 Iam
371 518 453 578 aliud
468 518 624 583 afferamus
638 519 814 597 exemplum.
845 516 949 575 Ulixes
965 517 1044 574 enim
1060 536 1126 574 cum
1141 517 1173 575 in
1187 537 1290 595 procos

220 630 306 689 illum
328 632 472 708 impetum
491 629 611 702 faceret,
627 626 735 687 Liodes
758 626 796 687 ab
818 646 852 686 eo
875 626 989 705 petivit,
1011 633 1044 684 ut
1066 625 1121 683 sibi
1142 635 1289 704 parceret:

218 761 311 819 quam
325 758 443 819 precem
458 747 491 798 ut
506 739 636 799 firmaret
650 737 689 796 ad
704 736 880 814 dignitatem
896 756 979 794 suam
994 738 1173 814 provocavit.
1204 738 1291 795 Dixit

219 852 300 909 enim
314 870 338 932 χ
351 852 411 910 318
428 869 462 929 sq

373 986 470 1075 αὐτὰρ
486 985 548 1075 ἐγώ
560 985 638 1074 μετὰ
653 998 733 1050 τοῖσι
746 986 887 1061 θυοσκόος
902 976 993 1050 οὐδὲν
1009 989 1119 1076 ἐοργώς

373 1100 521 1185 κείσομαι,
537 1098 577 1172 ὠς
592 1097 647 1160 οὐκ
662 1101 728 1160 ἐστι
738 1097 821 1184 χάρις
836 1096 992 1183 perduro&
1012 1097 1166 1187 εὐεργέων.

286 1264 391 1324 Ulixes
407 1284 477 1323 vero
493 1262 572 1342 quod
587 1263 613 1322 ei
629 1284 690 1322 non
705 1262 838 1341 pepercit
854 1280 889 1320 eo
903 1263 1078 1341 explicatur,
1090 1261 1169 1342 quod
1184 1264 1232 1322 hic
1247 1265 1293 1323 vir

220 1375 358 1452 quamvis
384 1393 496 1452 auspex
525 1392 601 1431 unus
623 1391 659 1430 ex
680 1371 849 1450 Penelopae
862 1373 959 1450 procis
980 1381 1051 1432 erat.
1095 1372 1156 1433 Sed
1177 1393 1215 1432 ex
1237 1375 1293 1433 hoc

221 1483 375 1563 Odysseae
391 1483 454 1542 loco
469 1482 551 1541 aliud
566 1481 637 1563 quid
657 1480 893 1540 concludendum
909 1489 961 1542 est.
1005 1483 1143 1562 Namque
1159 1493 1291 1563 apparet,

222 1593 335 1653 Lioden
357 1595 508 1671 auspicem
534 1594 566 1652 in
589 1591 735 1651 nobilibus
761 1591 978 1651 numerandum
1001 1613 1078 1666 esse,
1105 1595 1215 1674 quippe
1240 1597 1291 1674 qui

220 1703 392 1782 Penelopen
418 1704 545 1781 petierit.
601 1703 745 1761 Attamen
770 1702 950 1763 Humerus
980 1704 1011 1762 in
1038 1702 1112 1762 libro
1141 1703 1179 1763 de
1205 1704 1292 1765 rebus

222 1814 378 1872 homericis
394 1814 502 1891 scripto
516 1834 545 1891 p.
565 1816 601 1871 17
619 1833 731 1870 summo
746 1813 809 1872 iure
831 1813 970 1885 adnotat,
993 1812 1178 1872 sacerdotum
1200 1816 1291 1894 impe·

221 1925 297 1982 rium
321 1956 363 1965 -
383 1923 460 2001 quod
477 1923 565 1982 facile
580 1931 663 2002 potes
679 1924 820 2002 suspicari
834 1958 876 1967 —
891 1924 950 1983 illis
976 1924 1155 2002 temporibus
1178 1927 1293 1985 nullum

222 2036 325 2094 fuisse.
350 2034 412 2094 Sed
428 2035 551 2093 nimium
567 2035 747 2094 Haeremus
764 2035 941 2094 conclusisse
955 2035 1027 2093 mihi
1042 2033 1168 2108 videtur,
1183 2034 1292 2108 dicens,

223 2166 315 2224 quarn
337 2165 444 2224 parum
469 2146 618 2224 principes
640 2144 806 2204 sacerdotes
829 2145 1009 2218 curaverint,
1032 2163 1071 2204 ex
1094 2163 1129 2203 eo
1150 2164 1294 2224 apparere

220 2255 302 2333 quod
323 2255 510 2333 Agamemno
525 2254 719 2315 Calchantem
739 2256 996 2315 vehementissime
1018 2255 1159 2314 reiecerit.
1204 2255 1292 2316 Unde

224 2385 272 2425 me
293 2365 413 2444 quidem
438 2365 535 2425 iudice
558 2367 610 2424 vix
630 2366 793 2445 quidquam
816 2365 952 2424 concludi
975 2374 1084 2443 potest:
1107 2365 1294 2442 Agamemno

222 2477 303 2535 enirn
318 2483 472 2554 tantopere
487 2477 531 2534 ira
547 2485 708 2535 commotus
722 2485 774 2551 est,
790 2485 823 2534 ut
837 2497 979 2554 magnum
998 2486 1179 2536 momentum
1202 2477 1293 2556 ipsius

224 2584 322 2645 verbis
339 2584 466 2644 tribuere
481 2587 533 2644 vix
548 2587 651 2645 ausim.
695 2587 784 2645 Illam
804 2595 902 2646 autem
918 2589 1119 2667 quaestionem
1134 2586 1293 2667 perdiffici-

224 2697 292 2767 lem,
317 2716 407 2774 quam
433 2694 471 2754 de
493 2694 677 2753 sacerdotum
700 2698 833 2774 potentia
859 2699 955 2776 qualis
981 2699 1040 2757 iarn
1066 2707 1136 2757 ante
1160 2706 1294 2777 tempore

225 2807 375 2865 homerica
390 2805 519 2881 viguerit
533 2803 652 2878 habent,
667 2805 716 2863 hic
736 2806 913 2881 omittamus,
933 2827 998 2865 cum
1021 2807 1058 2866 ad
1081 2816 1213 2867 nostrum
1228 2829 1294 2887 pro·

228 2917 357 2994 positum
376 2917 428 2973 vix
448 2914 609 2994 quidquam
630 2915 731 2994 profici
751 2918 851 2995 possit,
873 2918 896 2975 si
912 2917 1030 2996 quidem
1045 2919 1164 2977 omnino
1186 2920 1217 2977 in
1240 2920 1295 2977 hac

225 3027 400 3105 quaestione
416 3025 488 3105 quid
503 3026 605 3104 profici
619 3034 723 3104 potest.
766 3025 826 3086 Sed
841 3026 919 3087 hanc
933 3029 1133 3108 quaestionem
1151 3028 1187 3087 de
1202 3049 1296 3088 sacer·

225 3135 344 3195 dotibus
366 3136 498 3195 habitam
525 3135 562 3194 ad
596 3136 685 3196 finem
710 3137 916 3216 perducamus.
966 3136 1121 3211 Quaenam
1147 3139 1238 3216 igitur
1263 3140 1295 3199 in

223 3246 410 3306 sacerdotum
425 3246 512 3306 rebus
534 3248 662 3325 vestigia
680 3248 751 3306 iuris
770 3249 904 3325 gentium
926 3247 1031 3309 erant?
1058 3249 1170 3326 Negari
1192 3251 1296 3328 nequit

225 3356 408 3417 sacerdotem
424 3378 476 3417 suo
491 3359 554 3436 ipso
569 3378 692 3418 munere
712 3356 750 3417 ab
771 3359 885 3417 iniuriis
907 3358 1043 3418 defendit
1070 3379 1139 3436 ergo
1161 3369 1292 3439 apparet,

224 3469 391 3529 sacerdotes
407 3477 607 3527 sacrosanctos
618 3468 732 3528 habitos
749 3488 821 3528 esse.

289 3606 312 3666 J
314 3627 361 3664 am
376 3625 447 3664 vero
462 3604 499 3663 ad
518 3624 553 3663 ea
567 3605 638 3662 iuris
653 3606 786 3681 gentium
801 3607 930 3683 vestigia
950 3614 1144 3678 transeamus,
1166 3625 1243 3684 quae
1264 3607 1294 3664 in

224 3716 311 3776 rebus
339 3715 503 3776 forensibus
528 3723 695 3773 cernuntur.
739 3713 786 3774 Ac
811 3718 938 3795 primum
961 3715 1080 3795 quidem
1103 3715 1140 3776 de
1162 3715 1252 3776 caede
1267 3725 1296 3776 et

225 3826 379 3886 homicidis
394 3846 526 3904 agamus.
571 3823 714 3884 (laedium
730 3835 829 3886 autem
844 3826 938 3884 multa
962 3826 1100 3905 exempla
1114 3827 1145 3886 in
1161 3827 1295 3886 carmini·
1399 3900 1402 3907 ι

225 3936 280 3995 bus
305 3936 459 3997 homericis
488 3945 616 3996 exstant.
672 3937 791 4016 Siquis
819 3936 991 3997 interfectus
1017 3943 1094 4009 erat,
1121 3936 1159 3996 ab
1185 3956 1220 3998 eo
1245 3939 1296 4017 qui

226 4048 346 4107 caedem
362 4048 546 4106 commiserat
561 4055 613 4105 aut
631 4047 670 4106 ab
690 4048 752 4106 eius
776 4049 909 4125 cognatis
932 4049 1059 4126 pecunia
1081 4045 1294 4126 postulabatur.
