2994 4942
211 482 279 520 cum
294 481 446 539 negemus.
486 461 619 538 Negavit
633 464 712 521 enim
727 463 921 520 Harrrnsos
936 461 967 518 in
982 460 1151 538 prolusione
1166 459 1203 519 de
1217 461 1281 519 iure

212 573 346 648 gentium
361 573 471 651 scripta
485 591 514 650 p.
531 574 559 644 3,
581 591 612 630 se
632 592 772 631 ausurum
787 591 850 632 esse
862 592 899 631 ex
914 572 949 629 iis
963 589 1038 648 quae
1054 578 1159 649 poetae
1174 569 1283 630 Graeci

212 682 293 741 effati
309 684 377 755 sint,
393 683 521 760 origines
536 683 608 740 iuris
622 683 755 758 gentium
772 690 914 761 repetere,
932 681 1124 760 „praesertim
1139 701 1206 738 cum
1217 698 1282 759 per·
1316 759 1319 764 Ι

212 793 307 851 multa
322 793 402 852 facta
416 792 455 850 ab
465 793 536 871 ipsis
548 801 685 850 enarrata
695 793 766 850 satis
777 791 910 870 probent,
923 790 1003 850 haud
1015 810 1085 850 sane
1096 809 1282 849 communem

211 902 303 960 fuisse
318 901 508 981 popularibus
523 903 594 960 iuris
608 902 786 961 sublimioris
801 902 946 961 sensum.“
993 900 1093 975 Quam
1105 900 1282 960 senteutiam

212 1014 237 1070 si
260 1013 421 1090 sequimur,
445 1031 480 1072 eo
500 1011 688 1085 adducimur,
710 1020 743 1070 ut
764 1010 852 1071 hodie
871 1031 988 1090 quoque
1008 1012 1054 1070 ius
1069 1011 1203 1088 gentium
1219 1027 1283 1070 essa

213 1141 363 1198 negemus.
409 1121 483 1196 Quis
500 1124 578 1181 enim
599 1129 658 1196 est,
678 1124 729 1202 qui
744 1123 899 1195 infitiatur,
922 1120 1010 1180 hodic
1033 1141 1150 1200 quoque
1173 1120 1282 1179 multas

211 1251 258 1290 res
273 1231 337 1290 fieri
352 1253 428 1310 quae
442 1234 499 1291 iuri
514 1234 649 1310 gentium
662 1233 752 1312 plane
766 1231 954 1311 repugnent?
983 1229 1013 1293 N
1015 1252 1049 1291 cc
1063 1239 1163 1291 tamen
1178 1249 1280 1291 conce·

210 1341 330 1415 damus,
353 1363 407 1402 nos
423 1345 570 1402 communi
585 1344 649 1402 iure
663 1364 724 1402 uon
738 1344 797 1416 uti,
819 1344 929 1421 quippe
944 1342 1022 1421 quod
1039 1343 1088 1401 hic
1102 1350 1132 1401 et
1146 1342 1208 1400 illic
1223 1341 1282 1400 lae·

211 1450 307 1510 datur.
349 1452 442 1512 Haud
457 1453 543 1512 aliter
556 1473 603 1512 res
626 1454 791 1514 homericae
814 1473 877 1513 sese
899 1452 1017 1512 habent.
1061 1453 1141 1513 Sane
1162 1450 1282 1530 quidem

211 1562 292 1621 iacta
307 1564 508 1637 inveniuntur,
530 1584 606 1643 quae
621 1566 677 1622 iuri
693 1565 828 1641 gentium
841 1572 1023 1641 repugnant:
1048 1582 1103 1622 nec
1118 1582 1189 1622 vero
1204 1561 1283 1620 illius

211 1674 284 1731 iuris
298 1675 425 1751 vestigia
440 1676 544 1751 negari
559 1683 689 1752 possunt.
726 1674 775 1733 De
790 1675 853 1733 iure
869 1675 1003 1749 gentium
1018 1679 1118 1732 autem
1133 1672 1280 1731 homerico

211 1784 293 1862 quod
307 1786 397 1843 sciam
417 1805 504 1844 nemo
524 1787 653 1864 scripsit,
675 1785 732 1843 nisi
754 1785 831 1842 forte
852 1785 1075 1844 Wacussrurm
1098 1782 1207 1842 librum
1229 1783 1281 1861 qui

211 1894 383 1953 inscribitur
407 1897 472 1969 „ius
497 1897 630 1972 gentium
655 1895 744 1974 quale
770 1894 930 1953 obtinuerit
955 1893 1034 1972 apud
1059 1892 1189 1954 Graecos
1212 1901 1282 1952 anta

212 2003 355 2063 bellorum
371 2026 438 2064 curn
452 2006 551 2065 Persis
566 2014 713 2083 gestorum
736 2005 853 2062 initium
876 2004 1065 2064 adumbravit
1080 2004 1129 2063 W.
1147 2004 1281 2064 Wacns-

212 2118 327 2189 uuru“,
344 2116 477 2177 Berolini
493 2119 574 2175 1822
590 2116 687 2176 editus
702 2114 835 2174 hocloco
850 2115 1049 2174 nominandus
1063 2122 1115 2174 est.
1157 2113 1218 2174 Sed
1233 2115 1282 2172 hic

211 2226 258 2284 vir
273 2235 400 2285 aetatem
414 2228 593 2287 homericam
604 2227 787 2305 paucissimis
797 2232 912 2283 tanturn
924 2224 1023 2284 verbis
1034 2225 1141 2302 attigit.
1165 2223 1282 2283 Eodem

212 2335 299 2395 modo
312 2339 365 2415 qui
380 2337 417 2397 de
432 2337 519 2398 rebus
534 2338 689 2397 homericis
705 2337 885 2414 scripserunt
904 2336 953 2394 hic
969 2344 998 2394 et
1012 2335 1073 2393 illic
1088 2336 1133 2393 ius
1147 2336 1281 2411 gentium

211 2445 472 2520 adumbraverunt,
489 2468 562 2528 quos
577 2449 655 2506 viros
669 2448 718 2507 hic
729 2466 933 2506 enumeremus
945 2467 1005 2504 non
1017 2453 1061 2504 est
1071 2463 1199 2517 necesse,
1214 2465 1282 2504 cum

211 2556 242 2612 in
257 2576 288 2614 ra
303 2558 368 2634 ipsa
387 2558 544 2617 tractanda
567 2559 625 2617 suis
646 2558 717 2616 locis
741 2577 841 2617 eorum
861 2556 930 2616 libri
949 2557 999 2616 vel
1022 2556 1114 2616 libelli
1139 2553 1282 2615 laudandi
1356 2566 1359 2571 '

210 2666 278 2724 sint.
324 2667 492 2727 Nonnullos
507 2677 623 2727 tantum
641 2676 793 2746 tamquam
815 2669 963 2746 principes
986 2668 1042 2726 hoc
1067 2667 1131 2727 loco
1157 2685 1282 2725 comme·

211 2796 365 2835 moremus.
409 2779 460 2839 Sic
481 2779 768 2838 Nnnsuasaacmus
793 2778 825 2835 in
847 2778 996 2855 theologia
1018 2778 1166 2836 homerica
1188 2778 1282 2850 (ouius

210 2885 301 2945 editio
317 2888 419 2962 altera,
440 2909 529 2967 quarn
550 2888 775 2947 Autenriethius
798 2887 951 2965 Erlangae
973 2908 1051 2947 auno
1076 2889 1156 2948 1861
1178 2887 1281 2961 edidit,

211 2997 242 3054 iu
258 2997 417 3057 laudandis
431 3001 550 3077 paginis
565 2998 765 3076 adhibebitur)
781 2996 852 3057 inde
867 3019 885 3057 a
899 3019 928 3077 p.
943 3001 1013 3072 294,
1029 3000 1070 3057 sic
1086 2997 1119 3058 C.
1130 2999 1185 3057 Fa.
1195 2998 1281 3056 Haa-

211 3126 336 3167 annuus
359 3110 390 3167 in
413 3111 532 3187 egregio
557 3109 609 3168 illo
634 3108 710 3169 libro
736 3109 786 3187 qui
813 3108 996 3168 inscribitur:
1027 3108 1203 3183 „Lehrbuch
1229 3106 1283 3167 der

211 3218 416 3294 griechischen
439 3220 750 3280 Staatsalterthtimer“
774 3217 916 3298 (editione
937 3227 1043 3299 quarta
1062 3218 1283 3295 Heidelbergaa

210 3348 290 3388 anno
307 3331 388 3390 1855
405 3329 485 3390 edita
499 3330 578 3410 utar)
603 3329 622 3407 ἕ
639 3335 657 3392 9
674 3352 702 3410 p.
720 3333 760 3391 38
777 3331 847 3389 iuris
867 3332 1001 3408 gentium
1020 3331 1147 3408 vestigia
1168 3331 1198 3388 in
1220 3349 1281 3388 car·

212 3439 340 3498 minibus
363 3441 519 3500 homericis
541 3462 603 3502 csse
622 3441 803 3501 invenienda
829 3443 948 3501 omnino
973 3450 1101 3518 negant,
1127 3448 1283 3520 propterea

212 3549 290 3629 quod
313 3552 416 3630 populi
438 3551 580 3610 advorsus
602 3553 726 3631 populos
747 3554 842 3632 pactis
865 3574 925 3611 non
949 3553 1119 3611 coniunctos
1143 3551 1283 3609 continua

212 3659 291 3719 bella
305 3663 458 3739 gesserint,
475 3669 505 3719 at
522 3660 743 3722 Guansroruus
759 3665 790 3722 in
806 3662 911 3721 studiis
927 3662 1081 3720 homericis
1097 3659 1168 3738 (vol.
1182 3662 1200 3719 3
1212 3680 1240 3738 p.
1249 3653 1283 3741 4)

213 3773 361 3846 potionem
384 3772 480 3830 civilis
503 3772 631 3831 iustitiae
647 3781 676 3831 et
699 3772 809 3850 publici
830 3773 901 3829 iuris
928 3771 1050 3831 Graecis
1075 3771 1126 3831 illo
1151 3779 1283 3850 ternpore

212 3904 272 3941 non
288 3884 419 3958 ignotam
435 3882 526 3940 fuisse
541 3903 577 3941 ex
593 3883 688 3962 iisque
702 3884 747 3940 ius
762 3883 895 3958 gentium
907 3883 1051 3959 originem
1064 3892 1163 3961 petere
1175 3890 1282 3943 censet.

212 3993 486 4050 l'raetcrmittarnus
513 3994 570 4051 iarn
598 4003 630 4051 ut
660 3993 861 4071 proposuimus
890 3993 1150 4065 Ilusnnunn'n'uu,
1182 3993 1286 4066 Luna,
