2994 4942
653 299 771 392 *il

273 487 347 562 Quis
362 490 483 550 tandem
499 487 555 548 sibi
569 488 682 566 fingere
697 495 802 567 potest,
818 488 940 548 Ulixem
955 487 1045 548 talem
1068 489 1159 548 fnisse
1173 489 1278 563 virum,

208 606 242 657 ut
257 619 274 657 a
286 597 434 677 praedone
448 599 510 658 fere
521 598 597 657 nihil
610 597 764 658 differret?
786 598 926 658 Potestne
941 596 1030 672 credi,
1048 597 1168 657 Ulixem
1187 597 1279 659 libere

209 708 350 786 profiteri,
378 727 409 768 se
430 709 525 768 multa
550 726 613 768 esse
641 707 864 786 correpturum?
898 709 983 767 Haec
1008 715 1107 767 antem
1133 709 1280 768 sententia

211 819 333 878 minime
348 817 472 878 ferenda
488 825 546 878 est:
570 818 678 878 sedita
697 817 771 877 haec
786 816 878 876 verba
897 816 1075 896 explicanda
1093 836 1157 878 esse
1176 818 1278 878 viden·

210 936 266 1001 tur,
282 936 315 987 ut
329 929 434 988 Ulixes
450 936 556 1007 speret,
571 929 634 988 fore
648 936 682 987 ut
696 927 775 987 bello
789 948 930 1005 magnam
952 926 1093 1005 praedam
1108 946 1171 986 esse
1185 928 1279 987 factu·

210 1057 285 1097 rum.
316 1015 490 1098 Omittenda
504 1039 596 1116 igitur
611 1046 655 1098 est
668 1038 719 1096 illa
733 1037 891 1097 verborum
900 1037 1104 1128 interpretatio
1119 1036 1281 1096 secundum

210 1167 299 1228 qnam
315 1148 419 1208 Ulixes
435 1169 494 1209 non
508 1148 570 1207 dux
585 1147 636 1208 sed
651 1147 763 1227 praedo
777 1148 867 1208 fnisse
881 1147 1008 1209 videtur.
1044 1147 1109 1206 Neo
1124 1147 1277 1206 Nmzsem

211 1259 358 1319 sententia
376 1258 415 1320 de
433 1258 524 1318 Ulixe
548 1257 699 1337 praedone
727 1259 763 1316 iis
788 1257 989 1332 confirmatur,
1014 1275 1092 1336 qnae
1116 1273 1137 1339 p
1158 1259 1198 1316 38
1227 1276 1281 1336 sqq

211 1367 367 1445 leguntur:

449 1471 487 1538 τὸ
503 1472 620 1562 (τόξον)
637 1467 663 1536 δ’
683 1474 809 1537 οὔποτε
825 1463 888 1547 δῖος
899 1464 1072 1549 Ὀδυσσεύς

365 1585 524 1671 ἐργόμενος
538 1578 708 1670 πόλεμόνδε
723 1583 895 1670 μελαινάων
912 1585 961 1648 ἐπὶ
977 1591 1056 1657 νηῶν

366 1694 457 1780 ’ᾑρεῖτ’
477 1698 547 1760 κτλ.

280 1867 359 1926 Sane
374 1866 494 1947 quidem
509 1867 642 1926 hocloco
657 1867 812 1926 Nmzscm
827 1866 918 1926 verba
940 1865 1125 1945 respicienda
1141 1874 1216 1940 sunt,
1233 1868 1282 1946 qui

215 1977 255 2036 ad
270 1997 290 2036 α
306 1979 367 2036 397
383 1978 457 2037 haee
470 1975 574 2036 habet:
598 1977 694 2051 „Dass
710 1975 861 2057 Odysseae
876 1998 929 2036 vor
950 1976 1017 2036 dem
1037 1977 1185 2036 troischen
1201 1978 1284 2054 Zuge

215 2087 314 2147 solche
326 2086 460 2146 Einfalle
476 2086 552 2147 iliter
563 2086 750 2161 unternahm,
765 2087 839 2164 liegt
850 2086 982 2146 offenbar
997 2088 1028 2146 in
1043 2087 1134 2158 XXI,
1148 2088 1283 2159 38-41,

214 2218 260 2256 wo
275 2193 389 2257 οὔποτε
403 2193 506 2281 ἡρεῖτο
522 2196 584 2255 und
599 2197 658 2255 alle
678 2196 806 2273 librigen
823 2197 951 2257 Formen
970 2197 1026 2256 auf
1042 2197 1135 2256 ditere
1151 2195 1285 2256 Wieder-

214 2307 327 2385 holung
352 2307 529 2380 hinweisen‚
558 2328 606 2366 am
627 2306 865 2384 allerwenigsten
886 2306 957 2368 aber
976 2306 1125 2380 erlauben,
1142 2307 1232 2365 allein
1248 2327 1287 2365 an

215 2417 269 2475 das
299 2416 518 2478 Zuriicklessen
553 2417 605 2476 des
639 2417 758 2494 Bogens
791 2416 869 2476 heim
900 2418 984 2495 Zuge
1018 2417 1096 2475 nach
1124 2417 1215 2475 Troia
1249 2436 1287 2474 zu

216 2526 364 2585 denken‚“
409 2527 497 2585 Esto!
526 2527 626 2605 plures
651 2526 854 2605 expeditiones
874 2535 1015 2607 usurpato
1030 2536 1161 2606 ternpore
1182 2527 1288 2606 imper·

216 2637 294 2695 fecto
310 2635 493 2693 indicantur:
516 2654 603 2693 nemo
617 2643 716 2695 tamen
732 2636 857 2715 probare
878 2645 984 2715 potest,
1005 2638 1071 2696 illas
1087 2635 1290 2716 expeditiones

216 2753 332 2804 tantum
354 2744 520 2824 praedandi
542 2765 631 2802 causa
657 2746 751 2804 factas
776 2765 847 2806 esse.
892 2746 935 2804 At
950 2747 1022 2804 mihi
1048 2747 1158 2825 opponi
1182 2754 1287 2825 potest,

216 2855 338 2915 Ulixem
353 2876 362 2913 ι
379 2856 417 2912 39
434 2875 489 2934 sqq
513 2862 623 2914 temere
640 2854 783 2915 Ciconum
805 2855 908 2914 urbem
928 2856 1060 2935 perdere.
1104 2856 1172 2914 Hoc
1187 2864 1286 2914 autem

190 3008 193 3013 ·
216 2965 280 3023 loco
294 2984 350 3024 nee
365 2984 468 3023 verum
494 2973 608 3025 estnec
634 2973 731 3044 potest
752 2965 871 3044 probari
896 2965 975 3045 qnod
994 2966 1185 3025 Nmzscfflus
1201 2965 1287 3024 dicit:

216 3077 293 3147 „wie
315 3075 408 3152 lustig
430 3072 584 3154 Odysseus
603 3097 640 3135 zu
660 3074 916 3135 Kiistenriiuberei
931 3097 1001 3149 war,
1019 3077 1099 3153 zeigt
1117 3074 1170 3134 der
1183 3074 1289 3134 Anfall

216 3185 271 3243 auf
291 3185 339 3245 dio
362 3185 506 3244 Kikonen
530 3184 660 3245 deutlich
684 3205 784 3264 genug
806 3186 864 3259 IX,
886 3187 957 3244 4Ο.“
1000 3185 1079 3245 Vide
1099 3187 1177 3244 enim
1197 3205 1286 3264 quam

217 3295 295 3356 bena
323 3297 381 3354 iam
407 3314 504 3354 rerum
527 3315 672 3355 conexum
687 3296 876 3370 intellexerit,
898 3297 948 3375 qui
973 3296 1094 3355 navium
1120 3296 1288 3372 catalogum

217 3406 388 3485 composuit.
434 3405 481 3464 Ibi
497 3406 575 3464 enim
592 3405 716 3467 Cicones
731 3407 762 3465 in
778 3407 812 3465 iis
827 3407 974 3465 numerati
989 3413 1066 3478 sunt,
1086 3405 1138 3483 qui
1153 3425 1172 3463 a
1185 3404 1287 3462 Troia·

216 3536 320 3573 norum
336 3514 469 3594 partibus
484 3513 615 3574 stabant:
639 3517 676 3576 cf.
694 3513 720 3576 B
736 3519 797 3576 846

369 3647 514 3734 Εὔφημος
528 3641 553 3710 d'
573 3645 663 3734 ἀρχὸς
677 3648 816 3713 Κικόνων
831 3642 867 3720 ἦν
884 3645 1074 3733 αἰχμητάων.

281 3787 355 3845 Cum
381 3787 472 3864 igitur
498 3787 623 3847 Cicones
650 3787 830 3847 Graecorum
856 3785 1017 3845 adversarii
1043 3792 1153 3857 essent,
1181 3784 1285 3844 Ulixes

217 3896 338 3955 eumad
361 3917 461 3958 eorum
484 3905 593 3957 terram
605 3916 698 3956 naves
722 3896 894 3977 appulisset,
916 3896 948 3954 in
962 3894 1066 3955 urbem
1083 3895 1181 3954 statim
1196 3895 1286 3973 impe·

216 4015 278 4066 turn
295 4008 377 4067 fecit:
393 4028 452 4086 qua
467 4015 638 4087 expugnata
649 4028 788 4084 magnam
805 4005 944 4086 praedam
960 4026 1023 4066 esse
1038 4007 1148 4064 factam
1164 4022 1284 4063 consen·
