2994 4942
725 345 767 408 49

645 432 847 446 ..α-ῃ*-

213 534 400 613 Agamemno
427 532 546 613 quidem
568 543 681 607 censet,
705 533 815 593 Jovem
836 533 1014 592 iurisurandi
1037 542 1163 592 tutorem
1183 535 1280 612 ipsum

212 646 357 705 Troianos
371 664 435 705 esse
449 646 631 725 puniturum.
676 643 722 702 Of.
738 638 765 702 Δ
784 645 844 702 160
860 663 915 722 sqq

364 757 459 840 εἴπερ
474 751 532 842 γάρ
547 775 584 814 τε
598 752 651 813 καὶ
667 751 762 814 αὐτίκ’
778 748 955 836 Ὀλύμπιος
970 750 1025 812 οὐκ
1040 750 1208 831 ἐτέλεσσεν,

365 867 400 926 ἐκ
414 886 448 925 τε
465 863 517 925 καὶ
532 859 587 947 όψὲ
600 866 694 941 τελεῖ,
710 862 762 925 σύν
777 883 813 924 τε
829 860 955 948 μεγάλῳ
970 860 1128 943 ἀπέτισαν,

364 975 417 1037 σὺν
434 979 540 1060 σφῇσιν
555 976 705 1058 κεφαλῇσι
719 970 836 1060 γυναιξί
850 995 885 1034 τε
901 972 953 1034 καὶ
967 971 1130 1034 τεκέεσσιν.

277 1120 450 1179 Omittenda
464 1084 534 1180 iero
549 1121 601 1178 illa
616 1119 707 1178 verba
722 1129 800 1191 sunt,
815 1139 891 1198 quae
906 1115 933 1178 Δ
950 1121 1010 1178 206
1026 1139 1059 1198 sq
1073 1119 1227 1195 leguntur:

364 1227 397 1291 όν
412 1252 459 1301 τις
474 1227 629 1301 ὀιστεύσας
645 1229 764 1308 ἔβαλεν,
779 1224 879 1306 τόξων
895 1221 928 1288 εὖ
944 1216 1038 1302 εἰδώς,

364 1336 477 1422 Τρώων
492 1334 511 1409 ἢ
527 1337 662 1417 Λυκίων,
678 1344 724 1419 τῷ
740 1336 795 1422 μὲν
811 1337 906 1411 κλέος,
924 1337 1002 1422 ἄμμι
1018 1326 1052 1399 δὲ
1067 1335 1181 1409 πένθος.

276 1478 334 1535 His
357 1478 436 1535 enim
462 1474 560 1534 verbis
581 1476 761 1555 Talthybius
777 1476 859 1547 dixit,
887 1477 1012 1552 gloriam
1037 1476 1120 1534 illam
1142 1476 1281 1551 sagittam

213 1606 325 1666 parare,
340 1584 480 1666 'quioniam
496 1587 651 1646 Menelaus
672 1588 757 1662 gravi
780 1586 903 1645 vulnere
929 1587 1004 1644 istus
1029 1606 1091 1645 esse
1116 1585 1280 1645 videretur:

212 1718 267 1755 neo
295 1717 366 1756 vero
391 1698 433 1755 ita
458 1697 511 1755 illa
536 1696 628 1756 verba
646 1695 831 1775 ¹explicanda
856 1704 938 1770 sunt,
970 1705 1003 1754 ut
1027 1696 1207 1774 Talthybius
1233 1696 1281 1754 vel

210 1809 308 1887 potius
328 1807 514 1882 Agamemno
534 1839 574 1848 —
598 1808 662 1865 eius
677 1808 755 1864 enim
776 1805 868 1864 verba
882 1826 989 1884 praeeo
1012 1807 1098 1865 affert
1114 1808 1280 1866 195-197

210 1919 423 1976 :nis-207
440 1950 480 1958 -
501 1918 620 1975 omnino
640 1919 793 1993 sagittario
815 1916 899 1975 illum
919 1919 1010 1976 istum
1029 1917 1141 1992 gloriae
1160 1916 1279 1975 faceret.

211 2027 288 2105 Inde
303 2029 394 2104 igitur
408 2028 490 2086 nullo
506 2026 594 2086 modo
616 2034 712 2105 potest
733 2024 878 2100 concludi,
900 2027 958 2085 illis
976 2027 1158 2105 temporibus
1178 2027 1281 2085 foedus

209 2138 407 2215 interruptum
422 2159 481 2196 non
500 2136 656 2217 opprobrio
678 2156 740 2196 esse
761 2138 882 2196 factum.
928 2138 1037 2197 Statim
1057 2146 1157 2196 autem
1172 2137 1282 2196 Achivi

210 2248 240 2305 in
261 2247 406 2306 Troianos
431 2248 573 2327 impetum
599 2247 741 2307 fecerunt.
786 2248 852 2307 Nee
877 2247 1066 2325 neglegenda
1091 2254 1160 2305 sunt
1181 2245 1282 2320 verba,

142 2348 145 2353 ’
211 2356 317 2436 quibus
332 2357 521 2434 Agamemno
536 2357 668 2417 Achivos
690 2358 730 2417 ad
750 2378 883 2437 pugnam
903 2359 1077 2417 adhortatus
1098 2366 1156 2416 est:
1183 2364 1282 2416 censet

209 2469 289 2526 enim
308 2468 386 2546 ipsos
407 2470 571 2547 superiores
592 2468 761 2528 decessuros
784 2489 854 2542 esse,
879 2470 949 2549 quia
962 2469 986 2529 J
988 2470 1106 2548 uppiter
1125 2467 1283 2526 mendaces

210 2579 322 2636 nonsit
338 2577 520 2637 defensurus.
567 2577 612 2637 of.
629 2575 656 2638 Δ
673 2579 734 2637 235
751 2599 805 2660 sqq

363 2685 397 2746 ού
412 2685 471 2773 γὰρ
487 2686 537 2748 ἐπὶ
552 2678 692 2766 ψευδέσσι
706 2687 808 2773 πατὴρ
824 2684 897 2761 Ζεὺς
913 2687 1006 2749 ἔσσετ’
1026 2687 1152 2774 ἀρωγός,

363 2795 429 2858 ἀλλ’
449 2796 545 2880 οἵπερ
560 2797 699 2884 πρότεροι
716 2795 787 2882 ὑπὲρ
804 2795 890 2884 ὅρκια
905 2789 1091 2876 δηλήσαντο,

362 2910 425 2967 τῶν
441 2905 510 2975 ἤτοι
526 2907 629 2969 αὐτῶν
644 2907 752 2995 τέρενα
766 2908 843 2994 γμόα
858 2912 951 2995 γῦπες
966 2899 1098 2971 ἔδονται.

276 3044 341 3102 Iam
357 3063 427 3103 vero
442 3044 644 3123 quaerendum
659 3055 711 3118 est,
734 3065 832 3106 nonne
851 3047 940 3105 etiam
960 3065 1062 3105 versus
1081 3048 1280 3120 inveniantur,

211 3153 318 3233 quibus
332 3153 479 3233 probetur,
501 3157 574 3235 quid
588 3156 708 3216 tandem
724 3158 846 3216 Troiani
866 3158 923 3235 ipsi
938 3156 976 3217 de
991 3157 1128 3216 Pandoro
1148 3156 1279 3216 foedere·

211 3283 269 3344 que
288 3272 374 3343 rupto
394 3267 570 3328 censuerint.
619 3267 667 3327 De
687 3268 883 3327 Troianorum
907 3276 1007 3327 autem
1030 3269 1184 3327 sententiis
1206 3267 1281 3327 nihil

211 3373 352 3443 traditum
368 3383 420 3448 est,
437 3374 490 3435 sod
510 3396 548 3436 ex
562 3378 634 3456 ipsis
648 3377 780 3437 Pandori
801 3377 899 3445 verbis
922 3377 1159 3438 concludendum
1181 3387 1234 3452 est,
1250 3399 1281 3438 se

212 3485 373 3562 poenitere,
394 3485 474 3564 quod
493 3488 524 3545 in
544 3488 715 3548 Menelaum
740 3489 879 3565 sagittam
899 3489 1053 3547 commisit.
1098 3490 1182 3549 Talis
1202 3490 1281 3548 enim

212 3613 314 3654 sensus
329 3596 361 3655 in
376 3595 473 3655 verbis
495 3616 558 3656 sese
573 3599 645 3658 mihi
665 3599 792 3672 videtur,
814 3618 890 3677 quae
905 3595 932 3658 E
949 3600 1011 3657 209
1027 3619 1061 3679 sq
1076 3600 1280 3659 inveniuntur:

365 3708 411 3784 τῷ
426 3706 463 3790 ῥα
477 3709 559 3787 κακῇ
575 3708 645 3787 αἴσῃ
662 3707 724 3770 ἀπό
739 3707 899 3768 πασσάλου
915 3704 1036 3793 ἀγκύλα
1051 3703 1130 3787 τόξα

366 3813 462 3898 ἤματι
477 3820 523 3897 τῷ
538 3815 661 3902 ἑλόμην.

280 3951 365 4026 Quae
393 3973 459 4012 oum
490 3955 532 4012 ita
556 3974 618 4014 sese
643 3955 772 4016 habeant
801 3988 842 3999 —
875 3955 1035 4016 Antenoris
1057 3979 1174 4036 quoque
1193 3957 1284 4017 verba

216 4062 314 4121 afferri
330 4073 461 4142 possunt,
478 4083 553 4144 quae
568 4061 599 4126 H
615 4069 674 4126 351
692 4087 726 4146 sq
742 4066 894 4143 leguntur:

1118 4169 1132 4205 ι
