2994 4942
738 316 758 378 9

211 517 273 565 tum
289 515 319 566 et
333 507 365 565 in
379 505 484 564 Asiam
499 514 529 566 et
543 506 575 564 in
589 505 748 564 Thraciam
765 513 794 564 et
809 506 841 564 in
856 503 990 564 Siciliam
1009 504 1176 564 commercii
1191 524 1282 564 causa

209 625 384 677 mercatores
398 617 523 696 profecti
537 624 606 675 sunt
621 637 681 675 non
696 617 848 689 timentes,
868 635 906 675 ne
925 615 967 674 ibi
981 613 1177 676 laederentur.
1213 614 1280 691 Nec

209 746 279 786 vero
298 747 402 786 verum
416 735 473 800 est,
495 726 574 804 quod
594 727 792 786 Musnnnaus
815 724 936 803 (Gesch.
953 725 1006 786 dor
1019 726 1127 786 hellen.
1146 725 1281 786 Stimme

210 838 247 896 1²
261 858 290 917 p.
309 838 386 913 2993
407 837 444 896 cf.
461 837 780 909 Buncnsnrrscnunsz,
802 836 900 894 Basitz
919 835 982 895 und
1004 835 1136 911 Erwerb,
1155 857 1184 915 p.
1206 833 1296 913 359).

208 946 342 1022 adnotat,
365 954 540 1006 mercatores
559 967 620 1005 non
636 945 766 1006 Graecos
786 945 838 1006 sed
862 944 1002 1006 barbaros
1021 947 1120 1008 fuisse.
1158 946 1281 1006 Etenim

211 1078 229 1115 υ
245 1059 305 1117 382
322 1078 356 1137 sq
371 1057 541 1136 Penelopae
556 1057 638 1135 proci
653 1057 842 1115 minitantur:

360 1185 433 1264 τοὺς
449 1186 559 1268 ξείνους
574 1189 605 1251 ἐν
621 1187 669 1260 νηὶ
683 1180 866 1260 πολυκλήιδι
880 1188 1026 1269 βαλόντες

364 1302 395 1374 ἐς
409 1295 553 1374 Σικελοὺς
566 1295 744 1385 πέμψωμεν,
760 1297 825 1362 ὅθεν
840 1297 876 1361 κε’
891 1321 938 1362 τοι
955 1291 1039 1374 ἀξιον
1056 1297 1147 1385 ἀλροι

212 1447 242 1498 et
257 1459 278 1497 α
295 1439 355 1498 182
370 1457 426 1518 sqq
445 1437 562 1498 Montes
582 1439 727 1497 Tamesae
747 1456 814 1496 aere
833 1437 935 1516 cyprio
955 1437 1067 1498 ferrum
1088 1444 1282 1497 commutasse

211 1549 314 1608 fertur.
361 1557 366 1565 '

365 1660 417 1717 νῦν
433 1647 459 1717 δ’
478 1646 541 1718 ὦδε
556 1650 607 1734 ξὺν
623 1654 672 1725 νηὶ
686 1651 861 1724 κατήλυθον
876 1646 923 1725 ηδ’
942 1653 1102 1741 ἑτάροισιν,

367 1764 471 1828 πλέων
487 1766 537 1828 ἐπὶ
551 1767 660 1828 οἴνοπα
674 1765 787 1829 πόντον
803 1764 845 1828 ἐπ
866 1764 1048 1853 ἀλλοθρόους
1062 1765 1240 1852 ἀνθρώπους,

365 1879 395 1950 ίς
409 1874 548 1963 Τεμέσην
564 1875 645 1962 μετά
660 1877 785 1961 χαλκόν,
802 1875 868 1963 ἀγω
885 1865 911 1938 θ’
927 1875 1042 1939 αἴθωνα
1057 1868 1186 1965 σίδηρον.

276 2023 343 2082 Ηοο
362 2031 462 2082 autem
481 2031 606 2102 utroque
628 2022 692 2081 loco
714 2030 890 2082 mercatores
913 2023 1054 2104 Graecos
1067 2023 1283 2100 intellegendos

213 2153 275 2193 esse
289 2132 521 2193 luculentissime
543 2133 648 2192 elucet.
693 2131 749 2192 Oui
771 2132 891 2213 quidem
912 2134 1076 2194 sententiae
1094 2154 1156 2194 non
1175 2133 1283 2208 obstat,

212 2243 851 2322 quodmercatorosomninoillistemporibus
858 2244 943 2322 parvi
951 2244 1099 2302 aestimati
1108 2263 1170 2304 esse
1179 2243 1282 2302 dicun·

212 2362 268 2412 tur.
305 2353 500 2412 Notissimum
519 2354 599 2414 enirn
618 2361 671 2428 est,
692 2362 875 2433 quantopere
890 2353 996 2414 Ulixes
1010 2373 1045 2413 eo
1060 2360 1221 2414 commotus
1235 2354 1283 2426 sit,

212 2462 292 2542 quod
307 2463 460 2544 Euryalus
475 2463 598 2524 Phaeax
614 2462 697 2538 dixit,
714 2484 781 2525 sum
796 2472 988 2525 mercatorem
1008 2482 1072 2524 esse
1091 2463 1194 2523 videri.
1234 2462 1280 2522 Of.

211 2569 302 2633 θ161
322 2593 376 2652 sqq

365 2681 448 2745 ἀλλά
463 2686 509 2762 τῷ
524 2680 556 2755 ός
569 2680 593 2743 θ’
614 2681 680 2769 ἅμα
695 2683 742 2754 νηὶ
752 2675 934 2754 πολυκλήιδι
947 2673 1091 2767 θαμίζων,

365 2788 454 2876 ἀρχὸς
469 2789 610 2854 ναυτάων
626 2793 656 2853 οί
668 2815 704 2855 τε
718 2802 887 2879 πρηκτῆρες
903 2796 995 2876 ἔασιν,

366 2902 478 2988 φόρτου
493 2925 529 2964 τε
544 2903 671 2989 μνήμων
685 2903 738 2964 καὶ
753 2902 916 2977 ἐπίσκοπος
930 2900 1000 2967 εἶσιν
1017 2893 1129 2967 ὁδαίων

364 3003 495 3099 κερδέων
509 3012 534 3075 θ’
553 3011 722 3101 ἁρπαλέων·
739 3005 802 3075 οὐδ’
818 3012 966 3101 ἀθλητῆρι
981 3017 1088 3088 ἔοικας.

276 3151 382 3212 Ulixes
397 3153 476 3211 enim
490 3153 589 3212 statim
604 3149 620 3213 θ
639 3154 697 3211 166
713 3153 787 3212 haec
801 3151 965 3231 respondit:

366 3256 446 3341 ξεῖν’,
462 3260 496 3322 οὐ
511 3257 608 3323 καλὸν
625 3264 728 3335 ἔειπες·
743 3256 914 3340 ἀτασθάλῳ
928 3251 1014 3345 ἀνδρὶ
1030 3262 1140 3334 ἔοικας.

276 3373 342 3432 Nec
355 3373 575 3450 neglegendum
591 3382 643 3447 est,
665 3383 862 3433 mercaturam
883 3372 1007 3432 ducibus
1026 3373 1183 3452 indignam
1196 3374 1280 3434 habi-

211 3492 360 3542 tamesae.
404 3482 512 3544 Graeci
527 3485 606 3544 enim
622 3486 711 3544 etiam
726 3486 886 3563 posteriore
905 3491 1036 3563 tempore
1056 3486 1175 3545 omnino
1190 3504 1280 3562 nega·

212 3601 327 3666 verunt,
344 3593 443 3653 liberis
458 3594 625 3653 hominibus
641 3594 765 3672 dignum
781 3614 851 3667 esse,
875 3593 954 3673 quod
968 3593 1119 3654 laboribus
1132 3593 1211 3655 bona
1225 3594 1280 3654 sibi

211 3712 358 3783 pararent.
390 3703 436 3764 Of.
453 3705 690 3764 Boncrrsnrrscn.
702 3705 722 3763 l.
735 3705 755 3764 l.
768 3726 796 3784 p.
813 3706 883 3763 256.
913 3705 1020 3782 Itaque
1034 3704 1115 3764 haud
1130 3725 1280 3784 quaquam

212 3815 379 3874 mirandum
390 3822 443 3889 ast,
455 3814 535 3894 quod
546 3835 581 3874 eo
592 3822 731 3893 tempore,
744 3835 802 3893 quo
814 3814 922 3873 milites
935 3814 1104 3874 civitatibus
1114 3824 1280 3895 praeerant,

212 3933 327 3985 tantum
343 3926 453 3985 bellurn
469 3924 561 3986 libero
576 3926 640 3984 viro
655 3926 841 4003 maximeque
857 3925 990 4004 principe
1005 3924 1129 4002 dignum
1144 3934 1280 4005 putatum
1314 3916 1316 3921 ¹

212 4044 264 4095 est.
310 4031 359 4094 Illi
379 4044 478 4095 autern
501 4044 676 4095 mercatores
696 4056 755 4094 non
778 4034 967 4109 dubitabant,
990 4037 1162 4115 peregrinas
1188 4044 1281 4096 terrae
