2994 4942
650 403 659 407 ..
726 316 766 379 15

210 509 365 566 senserint.
390 507 488 584 Supra
502 508 561 564 iam
577 514 836 564 commemoratum
852 512 904 578 est,
920 505 1079 584 hospitium
1096 505 1133 564 ab
1149 506 1285 565 omnibus

211 619 316 675 summi
328 615 463 676 habitum
475 616 573 674 fuisse.
603 609 738 693 Ex'ipsis
753 623 854 673 autem
868 614 1048 674 carminibus
1067 635 1169 675 versus
1188 615 1286 675 afferri

211 734 332 804 possunt
352 727 403 804 qui
423 724 561 804 probent,
582 726 753 804 peregrinos
773 724 937 804 hospitibus
960 746 1013 804 pro
1041 725 1185 785 beneficio
1208 746 1285 784 sum·

210 857 290 894 mam
304 836 452 895 rettulisse
467 837 602 912 gratiam.
639 834 731 895 Cuius
747 836 789 894 rei
804 837 903 894 nescio
918 857 958 895 an
972 836 1088 895 nullum
1103 836 1285 915 praeclarius

210 954 306 1005 exstet
326 946 494 1024 exemplum
520 965 610 1024 quam
632 944 712 1023 quod
738 965 817 1003 nuno
842 945 947 1004 afferre
970 945 1043 1005 mihi
1067 945 1164 1004 liceat.
1209 945 1285 1004 Pisi·

212 1063 322 1114 stratus
337 1057 416 1114 enim
430 1056 564 1114 Nestoris
582 1055 661 1114 filius
676 1055 856 1113 Telemacho
878 1055 977 1115 media
999 1064 1085 1114 nocte
1105 1055 1286 1128 adhortanti,

213 1175 245 1223 ut
257 1166 356 1225 itineri
372 1185 434 1225 sese
446 1166 640 1237 committant,
653 1164 821 1244 persuadet,
833 1174 866 1223 ut
877 1175 996 1225 maneat
1006 1165 1194 1244 Menelaique
1206 1164 1285 1224 dona

213 1277 347 1354 accipiat,
363 1278 433 1355 quia
447 1277 571 1353 hospitis
586 1275 692 1354 hospes
707 1295 822 1354 semper
835 1277 1010 1334 meminerit.
1040 1275 1086 1334 Of.
1103 1294 1119 1335 ο
1136 1277 1177 1334 54
1192 1295 1227 1353 sq

364 1389 420 1446 τοῦ
434 1384 493 1471 γάρ
509 1405 545 1445 τε
560 1375 655 1456 ξεῖνος
669 1384 870 1468 μιμνήσκεται
885 1383 992 1467 ἤματα
1007 1382 1111 1445 πάντα

365 1485 472 1578 ἀνδρὸς
488 1486 667 1573 ξεινοδόκου,
682 1492 714 1565 ός
729 1514 780 1555 κεν
795 1494 949 1578 φιλότητα
963 1494 1113 1578 παράσχῃ.

277 1621 367 1682 Adde
382 1623 461 1702 quod
484 1631 712 1681 commemoratu
735 1621 859 1698 dignum
882 1620 1060 1695 habebatur,
1082 1621 1162 1700 quod
1185 1622 1233 1680 hic
1256 1629 1285 1680 et

213 1731 275 1790 illic
290 1740 383 1805 erant,
399 1735 451 1811 qui
466 1734 637 1812 peregrinos
649 1751 745 1810 neque
756 1733 927 1810 exciperent
938 1751 1034 1810 neque
1046 1740 1192 1790 curarent.
1215 1730 1284 1804 Qua

216 1841 253 1899 de
268 1861 299 1901 re
315 1843 449 1902 conferre
467 1843 552 1901 iuvat
570 1840 663 1900 verba
683 1842 852 1915 Minervae,
874 1841 980 1920 quibus
1001 1842 1141 1902 Scheriae
1161 1841 1283 1901 Ulixem

214 1951 342 2010 allocuta
358 1962 402 2011 est
416 1953 500 2031 eique
516 1952 616 2022 suasit,
632 1959 665 2008 ut
677 1971 743 2009 curn
756 1951 814 2010 illis
825 1951 992 2011 hominibus
1004 1973 1064 2011 non
1076 1952 1283 2010 commercium

212 2060 343 2135 haberet,
364 2064 475 2142 quippe
490 2062 541 2140 qui
555 2061 721 2140 hospitibus
736 2062 856 2140 propitii
871 2084 931 2121 non
947 2071 1052 2122 essent.
1089 2062 1135 2122 cf.
1151 2084 1170 2132 η
1187 2065 1228 2122 32
1251 2082 1286 2140 sq

366 2184 472 2275 οὐγὰρ
490 2184 600 2266 ξείνους
616 2176 679 2249 cide
694 2186 767 2271 μάλ’
783 2185 958 2273 ἀνθρώπους
972 2163 1143 2273 ἀνέχονται,

259 2317 268 2343 r
366 2289 428 2359 οὐδ’
449 2288 675 2386 ἀγαπαζόμενοι
690 2296 822 2378 φιλέουσ
839 2295 870 2370 ὅς
884 2297 909 2358 κ’
931 2295 1057 2359 ἄλλοθεν
1073 2296 1156 2380 ἔλθῃ.

279 2427 328 2485 lta
343 2427 385 2500 fit,
401 2436 434 2485 ut
452 2427 554 2486 Ulixes
570 2446 637 2485 cum
648 2425 688 2484 ad
700 2424 865 2506 Cyclopum
877 2425 1006 2485 insulam
1021 2445 1114 2486 navas
1129 2427 1286 2505 appulerit,

213 2537 305 2595 socios
320 2536 505 2608 adhortetur,
529 2543 562 2593 ut
584 2543 737 2609 maneant,
760 2535 832 2594 dum
851 2537 914 2613 ipse
934 2536 1121 2615 exploratum
1136 2537 1168 2595 it.
1215 2536 1286 2614 Ipsa

213 2655 313 2705 autem
330 2646 428 2704 Ulixis
442 2644 534 2704 verba
547 2645 621 2703 haec
636 2653 718 2703 sunt:
734 2667 743 2703 ι
761 2648 821 2704 174
837 2666 898 2725 sqq.

452 2788 491 2796 -
511 2785 545 2794 -—
564 2753 752 2836 πειρήσομαι,
769 2751 890 2826 οἵτινές
904 2758 985 2830 εἰσιν,

368 2863 387 2933 ἦ
404 2862 425 2948 ρ”
446 2862 476 2922 οἵ
487 2861 514 2949 γ’
533 2859 669 2947 ὑβρισταί
684 2883 721 2924 τε
735 2862 788 2923 καὶ
804 2861 899 2949 ἄγριοι
915 2855 987 2926 οὐδὲ
1002 2855 1123 2941 δίκαιοι,

367 2967 402 3043 ἦε
417 2968 589 3058 φιλόξεινοι,
604 2972 656 3033 καί
671 2993 738 3057 σφιν
754 2971 822 3045 νόος
836 2973 902 3035 ἐστὶ
916 2965 1049 3048 θεουδής.

278 3101 414 3182 Apparet
429 3110 529 3162 autem
544 3102 575 3160 in
590 3103 636 3161 his
656 3101 755 3161 verbis
775 3121 824 3162 eos
845 3102 895 3181 qui
917 3101 1029 3161 scelera
1048 3103 1234 3162 committant
1256 3112 1286 3164 et

213 3213 268 3272 feri
283 3213 445 3292 iniustique
460 3215 520 3272 sint
534 3213 569 3270 iis
585 3214 706 3291 opponi,
729 3213 778 3291 qui
800 3213 970 3291 peregrinos
992 3213 1142 3290 excipiant
1158 3212 1286 3292 deosque

213 3323 319 3381 colant.
365 3322 467 3396 Quid?
488 3341 587 3382 nonne
602 3321 706 3381 Ulixes
722 3321 802 3395 dicit,
823 3341 854 3381 sa
875 3323 948 3381 mori
968 3321 1056 3381 malle
1071 3342 1160 3401 quam
1176 3322 1285 3396 videre,

214 3452 303 3511 quam
319 3435 445 3512 turpiter
459 3434 489 3490 in
505 3431 628 3490 aedibus
643 3433 703 3491 suis
718 3433 869 3512 peregrini
884 3438 1048 3490 tractentur
1063 3431 1100 3490 cf.
1112 3451 1136 3491 π
1154 3434 1213 3490 106
1231 3452 1284 3511 sqq

366 3557 528 3640 βουλοίμην
543 3555 568 3617 κ’
589 3557 620 3617 ἐν
637 3558 735 3643 ἐμοῖσι
749 3556 985 3641 κατακτάμενος
1000 3554 1171 3643 μεγάροισιν

364 3663 508 3750 τεθνάμεν
524 3660 542 3735 ἣ
557 3659 635 3727 τάδε
650 3666 677 3753 γ’
695 3664 761 3728 αἰὲν
778 3665 882 3728 ἀεικέα
899 3665 958 3754 ἔργ’
978 3664 1133 3744 ὁράασθαι,

366 3773 477 3855 ξείνους
490 3796 527 3837 τε
542 3765 812 3860 στυφελιζομένους
826 3777 895 3838 κτλ.

278 3913 321 3972 At
336 3914 379 3972 illi
395 3914 448 3992 qui
463 3914 626 3993 peregrinis
640 3911 783 3972 favebant
799 3912 837 3972 ab
852 3912 987 3973 omnihus
1002 3912 1202 3973 laudabantur
1216 3911 1285 3973 sihi·

212 4043 270 4103 que
285 4044 429 4083 summam
444 4024 569 4102 gloriam
584 4022 738 4102 parabant.
783 4023 926 4103 Hospites
947 4025 1025 4083 enim
1041 4023 1144 4084 laudas
1167 4024 1242 4100 cius,
1265 4045 1283 4082 a
