2994 4942
209 592 383 664 potestatem
399 604 487 663 quam
503 583 569 642 aliis
586 583 713 642 ducibus
728 584 826 656 fuisse,
847 582 927 641 haud
950 582 1072 642 difficile
1088 582 1280 642 concluditur.

211 697 302 764 Velut
317 695 333 753 I
350 697 388 754 69
405 694 478 753 haec
494 693 585 753 verba
599 694 709 772 scripta
723 701 806 751 sunt:

360 791 514 887 Ἀτρείδη,
530 801 565 863 σὺ
581 799 636 886 μὲν
652 800 738 886 ἄρχε·
753 801 789 862 σὺ
804 800 863 886 γαρ
880 798 1102 881 βασιλεύτατός
1117 801 1190 862 ἐσσι.

276 914 336 975 Sed
352 916 400 973 hic
414 914 517 986 honor,
533 915 583 992 qui
599 913 817 990 Agamemnoni
832 913 984 986 tribuitur,
1009 913 1034 971 ei
1051 912 1147 984 datur,
1172 913 1283 991 quippe

209 1027 261 1104 qui
278 1024 339 1083 dux
355 1045 486 1083 summus
502 1025 547 1083 sit.
580 1023 645 1082 Nec
660 1023 794 1082 Nestoris
808 1022 901 1083 verba
917 1031 1095 1101 repugnant,
1109 1024 1162 1102 qui
1178 1017 1201 1082 A
1222 1024 1282 1080 281
1306 1096 1308 1100 ,

211 1136 284 1193 haec
301 1134 427 1213 profert:

365 1242 432 1304 ἀλλ’
451 1232 506 1305 cibe
522 1241 662 1327 φέρτερός
677 1243 769 1317 ἐστιν,
785 1241 849 1303 ἐπεὶ
864 1241 1038 1304 πλεόνεσσιν
1055 1238 1187 1303 ἀνάσσει.

276 1355 464 1433 Agamemno
476 1357 569 1432 igitur
581 1354 642 1412 dux
654 1353 751 1411 factus
763 1373 826 1411 esse
837 1353 964 1427 videtur,
973 1356 1112 1434 quoniam
1125 1356 1284 1413 maximam

212 1487 335 1526 manum
349 1465 388 1525 ad
400 1485 585 1524 communem
597 1463 816 1542 expeditionem
827 1464 1000 1523 adduxerat.
1028 1465 1286 1540 Agamemnonem

212 1583 315 1635 autem
327 1555 439 1636 ceteros
446 1575 578 1635 Graecos
590 1573 628 1632 ad
640 1573 750 1632 bellum
764 1574 926 1650 gerendum
938 1597 999 1634 uon
1011 1577 1150 1654 coegisse,
1160 1575 1286 1634 Achillis
1349 1617 1351 1620 -

149 1670 153 1678 ’
215 1684 308 1744 verba
323 1685 456 1745 indicare
471 1682 619 1757 videntur,
633 1685 685 1762 qui
701 1679 726 1743 A
745 1684 806 1742 158
822 1705 876 1763 sqq
891 1686 965 1744 haec
980 1685 1069 1744 dixit:

321 1793 404 1857 ἀλλὰ
420 1792 476 1867 σοί,
493 1787 518 1853 oi
535 1791 601 1879 μέγ’
621 1780 751 1868 ἀναιδές,
768 1789 816 1876 ἅμ’
835 1792 975 1877 ἑσπόμεθ’
995 1793 1071 1880 όμρκ
1085 1794 1122 1855 σὺ
1138 1792 1244 1878 χαίρῃς

320 1903 412 1988 τιμὴν
428 1902 586 1988 ἀρνύμενοι
605 1899 752 1983 Μενελάῳ
768 1901 814 1964 σοί
828 1923 874 1980 τε,
889 1913 1025 1982 κυνῶπα,

320 2015 393 2098 πρός
406 2011 530 2099 Τρώων.

278 2126 345 2201 Quo
366 2127 430 2184 loco
446 2148 505 2185 non
527 2127 644 2185 silentio
665 2127 949 2205 praetermittamus,
973 2137 1156 2208 quantopere
1178 2128 1285 2187 miran-

215 2237 286 2296 dum
303 2238 349 2310 sit,
365 2235 444 2316 quod
460 2257 519 2295 non
535 2237 690 2295 Menelaus
705 2238 813 2295 coniux
827 2237 924 2296 laesus
941 2236 1122 2298 Graecorum
1138 2239 1198 2298 dux
1214 2247 1286 2311 erat,

213 2347 266 2405 sed
282 2347 468 2424 Agamemno
483 2347 584 2405 frater.
629 2345 694 2404 Iam
711 2366 781 2406 vero
796 2346 972 2407 Aristoteles
995 2350 1026 2406 in
1048 2369 1102 2408 sua
1124 2351 1286 2408 carminum

215 2458 429 2516 homericorum
444 2456 572 2516 editione
588 2457 732 2516 nonnulla
746 2457 837 2516 verba
856 2458 988 2536 legebat,
1010 2480 1086 2538 quae
1107 2479 1287 2539 quamquam

217 2567 304 2626 hodie
327 2569 357 2626 iu
379 2558 591 2626 nostrislibris
611 2588 671 2625 non
693 2569 753 2625 iam
777 2577 907 2642 exstant,
935 2578 1034 2629 tamen
1058 2577 1287 2629 commemoratu

214 2677 309 2754 digna
324 2686 406 2736 sunt:
423 2677 598 2736 Aristoteles
615 2679 693 2735 enirn
709 2679 740 2735 in
756 2678 836 2756 polit.
855 2682 882 2751 3,
900 2684 928 2752 9,
953 2683 970 2736 2
988 2682 1061 2740 haec
1077 2680 1167 2739 habet
1181 2679 1286 2738 verba:

218 2783 302 2858 Αὕτη
321 2785 376 2872 μὲν
393 2779 444 2847 cdv
460 2790 479 2855 ν’,
495 2784 632 2866 βασιλεία
648 2779 709 2847 οἷον
725 2785 898 2871 στρατηγία
917 2810 961 2859 τις
984 2787 1220 2871 αὐτοκρατόρων
1235 2786 1287 2849 καὶ

218 2888 312 2969 arbitr
327 2898 426 2958 ἐστιν’
442 2905 560 2958 κτεῖναι
575 2895 633 2982 γαρ
650 2898 684 2958 οό
700 2894 806 2979 κόριος,
822 2900 847 2958 εἰ
863 2896 904 2983 μὴ
922 2899 953 2957 ἔν
969 2919 1027 2958 τινι
1039 2897 1178 2980 βασιλεία
1193 2896 1287 2960 καθά-

215 3028 269 3091 περ
287 3008 336 3069 ἐπὶ
351 3011 413 3067 τῶν
428 3006 560 3092 ἀρχαίων
577 3008 609 3068 ἐν
624 3016 693 3078 ταῖς
708 3010 886 3092 πολεμικαῖς
902 2998 1016 3085 ἐξόδοις
1038 3009 1070 3070 ἐν
1086 3008 1180 3094 χειρός
1195 3008 1287 3094 νόμῳ.

217 3115 317 3188 Δκλοῖ
331 3109 357 3179 θ’
372 3115 526 3202 Ὅμηρος·
548 3117 637 3202 όγοὶρ
649 3114 857 3204 Ἀγαμέμνων
872 3122 975 3190 κακῶς
993 3116 1048 3202 μὲν
1069 3119 1188 3181 ὰκοόων
1208 3117 1288 3188 ἠνεί-

215 3249 288 3312 χετο
304 3229 336 3290 ἐν
351 3237 420 3299 ταῖς
442 3230 627 3312 πολεμικαῖς,
648 3223 831 3306 ἐξελθόντων
855 3217 890 3290 δὲ
911 3227 963 3289 καὶ
983 3238 1100 3289 κτεῖναι
1123 3228 1219 3312 κόριος
1241 3223 1287 3306 ἦν,

215 3337 299 3422 λέγει
314 3342 403 3424 γοῦν·
426 3337 459 3399 ὃν
475 3329 549 3399 δέκ’
570 3334 649 3426 ἐγών
665 3335 813 3401 ἀπάνευθε
829 3337 926 3423 μάχης
942 3339 976 3400 od
994 3343 1021 3400 ot
1037 3338 1137 3425 ἄρκιον
1153 3340 1287 3402 ἐσσεῖται

215 3446 334 3533 φυγέειν
350 3446 441 3520 κύνας
455 3439 502 3517 ἦθ’
523 3447 658 3521 οἰωνοός·
673 3447 734 3535 παρ
749 3448 808 3536 γαρ
825 3447 894 3532 ἐμοὶ
908 3446 1046 3522 θάνατος,

281 3560 339 3617 His
354 3555 445 3635 igitur
460 3559 557 3618 verbis
569 3560 789 3637 Agamemnoni
804 3581 949 3618 summum
965 3560 1104 3620 tribuitur
1119 3561 1287 3640 imperium3

217 3669 293 3746 quod
311 3669 457 3749 quomodo
472 3669 598 3750 adeptus
613 3671 651 3728 sit
666 3690 725 3728 non
742 3669 872 3729 affertur.
912 3671 972 3730 Sed
989 3679 1113 3745 constat,
1129 3671 1287 3748 Agamem·

217 3781 302 3838 nonis
317 3781 471 3858 imperium
488 3801 547 3839 nou
562 3780 686 3839 liberum
706 3780 812 3854 fuisse,
835 3780 887 3840 sed
909 3780 1017 3839 ducum
1038 3790 1201 3841 ceterorum
1224 3803 1288 3841 sen·

216 3891 325 3949 tentiae
340 3890 539 3968 respiciendus
554 3890 653 3950 fuisse.
696 3891 834 3970 Namque
855 3893 980 3969 primum
996 3893 1117 3972 quidem
1132 3893 1287 3972 imperium

217 3999 405 4058 concionibus
420 4000 528 4060 habitis
544 4000 742 4062 coercebatur.
774 4002 889 4076 Quibus
902 4003 1090 4063 concionibus
1102 4005 1173 4083 quin
1186 4024 1287 4063 omnes

218 4110 325 4170 Graeci
341 4111 527 4170 interfuerint
543 4133 603 4170 non
619 4120 662 4172 eat
678 4132 729 4171 cur
744 4110 912 4173 dubitaturi
927 4122 956 4172 et
971 4133 1149 4194 quamquam
1165 4113 1203 4173 ad
1221 4136 1289 4174 con·
