2994 4942
644 261 844 355 25¹„-

209 448 306 507 verbis
321 469 396 528 quae
412 450 428 507 I
445 451 505 508 632
522 470 576 530 sqq
591 451 738 527 leguntur,
754 459 885 529 apparet,
909 470 1006 529 poena
1027 450 1123 510 soluta
1144 470 1212 509 eum
1231 451 1283 529 qui

210 557 330 617 caedem
346 562 530 633 commiserit,
547 560 626 619 domi
641 560 790 619 mansisse.
837 560 955 639 Scripta
970 570 1068 620 autem
1083 561 1156 618 haec
1172 567 1256 619 sunt:

447 668 499 729 καὶ
514 667 569 754 μέν
584 667 630 741 τίς
643 690 680 729 τε
694 666 889 753 κασιγνήτοιο
905 677 1012 753 φονῆος

362 776 466 846 ποινην
481 777 501 849 η”
517 768 552 839 οὗ
566 769 674 849 παιδὸς
688 769 818 856 ἐδέξατο
832 775 1012 851 τεθνηῶτος·
1049 763 1051 767 ⁷

362 888 414 949 καί
429 887 450 973 ῤ’
471 887 486 948 ὁ
502 886 557 973 μὲν
574 888 605 949 ἐν
621 877 709 970 δήμῳ
725 886 806 973 μένει
823 887 918 948 αὐτοῦ
933 887 1019 949 πόλλ’
1041 888 1200 962 ἀποτίσας,

362 1003 418 1059 τοῦ
435 992 469 1058 δέ
484 997 510 1059 τ’
531 998 691 1082 ἐρητύεται
706 987 814 1082 κραδίη
830 997 883 1059 καὶ
896 994 987 1083 θυμὸς
1002 998 1124 1086 ἀγήνωρ

362 1108 468 1179 ποινην
492 1096 666 1191 δεξαμένου,

276 1218 356 1293 Quid
371 1220 485 1279 multa?
507 1219 679 1292 Videamus,
693 1240 841 1298 quaenam
856 1222 927 1279 iuris
942 1221 1076 1298 gentium
1091 1221 1218 1296 vestigia
1233 1221 1282 1278 hic

214 1338 387 1407 appareant.
431 1331 473 1389 Et
495 1332 526 1390 in
549 1351 583 1390 eo
601 1329 722 1410 quidem
741 1330 819 1409 quod
844 1351 940 1410 poena
959 1331 1056 1389 soluta
1078 1331 1281 1389 satisfactum

210 1449 281 1508 erat,
298 1448 433 1498 nontam
448 1441 520 1498 iuris
534 1441 666 1517 gentium
684 1461 772 1520 quam
788 1443 907 1500 omnino
922 1442 994 1499 iuris
1014 1441 1140 1518 vestigia
1154 1459 1278 1500 cernun-

211 1558 268 1607 tur.
298 1549 411 1627 Negari
426 1551 505 1609 enim
521 1552 623 1629 nequit
637 1550 677 1608 ibi
692 1552 738 1609 ius
753 1552 854 1628 magni
870 1550 1004 1610 habitum
1019 1571 1090 1623 esse,
1107 1551 1157 1609 uhi
1174 1550 1278 1610 caedes

212 1661 274 1717 sive
290 1661 422 1719 consulto
445 1682 479 1719 ac
502 1662 629 1736 cogitate
652 1662 715 1719 sive
734 1670 844 1720 temere
864 1682 899 1720 ac
920 1662 1041 1720 fortuito
1062 1662 1215 1720 commissa
1237 1661 1279 1718 lui

212 1771 316 1849 potuit.
361 1770 422 1830 Sed
436 1770 506 1829 inde
526 1770 565 1828 ad
588 1779 720 1830 nostrum
742 1773 923 1850 propositum
944 1771 1057 1851 aliquid
1079 1770 1279 1847 colligendum

214 1898 276 1940 esse
292 1880 387 1953 credo,
414 1881 491 1959 quod
519 1901 620 1939 omnes
642 1881 685 1938 illi
701 1883 751 1960 qui
768 1903 857 1960 supra
882 1883 1101 1940 commemorati
1126 1889 1203 1956 sunt,
1229 1879 1280 1939 ubi

213 1991 341 2068 primum
360 1993 392 2049 in
415 1992 542 2049 alienam
563 2001 671 2049 terram
686 1992 836 2064 fugerunt,
856 1991 971 2050 abiecta
993 1994 1074 2051 omni
1093 1992 1281 2051 cunctatione

213 2102 330 2178 excepti
346 2109 422 2159 sunt.
468 2100 570 2174 Quid?
597 2101 675 2180 quod
692 2103 796 2161 Ulixes
818 2123 833 2160 ν
854 2103 914 2162 259
935 2123 990 2181 sqq
1012 2103 1107 2175 finxit,
1128 2121 1159 2160 se
1175 2099 1284 2161 Orsilo-

214 2211 303 2269 chum
318 2210 433 2270 insidiis
453 2212 643 2287 interfecisse,
666 2212 743 2270 haud
761 2213 877 2284 timens,
900 2232 937 2271 ne
952 2213 1097 2285 Minerva,
1120 2232 1209 2291 quem
1224 2232 1285 2270 non

215 2331 388 2397 agnoverat,
418 2342 480 2382 sese
510 2313 687 2381 averteret.
725 2323 799 2380 Erat
829 2324 909 2381 enim
927 2357 968 2366 -·-
984 2331 1017 2380 ut
1038 2322 1285 2381 Nansnnsaaom

218 2431 318 2509 (theol.
336 2434 412 2492 hom.
429 2455 457 2511 p.
475 2433 549 2510 293)
571 2432 668 2492 verbis
683 2443 750 2491 utar
764 2425 805 2476 s-
826 2454 940 2492 summa
959 2433 1076 2491 illorum
1097 2433 1285 2510 antiquorum

217 2551 382 2622 temporum
403 2544 582 2623 simplicitas.
628 2545 693 2602 Iam
709 2564 779 2602 vero
799 2543 838 2602 ad
857 2545 1058 2622 quaestionem
1081 2541 1286 2620 perdifficilem

214 2661 405 2714 transeamus.
437 2653 596 2728 Quaeritur
611 2656 691 2713 enim
704 2654 760 2712 hoc
775 2655 839 2712 loco
855 2674 1001 2733 quaenam
1017 2654 1136 2712 omnino
1151 2652 1285 2729 gentium

127 2749 129 2752 ⁸
216 2763 348 2823 condicio
369 2766 427 2823 illis
449 2763 630 2843 temporibus
649 2765 748 2824 fuerit.
792 2765 834 2823 Et
852 2765 1144 2823 Nancnnsnaomus
1165 2761 1286 2840 quidem

216 2873 318 2950 (theol.
334 2874 411 2933 hom.
426 2896 454 2954 p.
471 2869 547 2955 294)
564 2883 673 2947 censet,
689 2895 805 2933 omnem
820 2874 963 2953 populum
978 2876 1092 2933 hostem
1107 2875 1169 2931 eius
1183 2873 1287 2951 populi

216 2985 314 3056 fuisse,
332 3005 457 3064 quocum
473 3007 533 3045 non
548 2986 642 3063 pectis
657 2985 832 3043 coniunctus
847 2994 937 3042 esset:
960 2984 1008 3040 cui
1021 2982 1055 3043 O.
1071 2984 1121 3042 Fr.
1133 2983 1286 3041 Hnauau-

216 3113 275 3154 nus
306 3096 337 3153 in
367 3095 441 3154 libro
470 3117 522 3154 suo
542 3094 720 3170 „Lehrbuch
751 3094 804 3153 der
828 3094 1032 3171 griechischen
1055 3093 1286 3172 Antiquitaten“

216 3204 253 3262 1⁴
281 3225 310 3283 p.
351 3208 391 3264 38
426 3208 592 3266 assentitur.
647 3207 691 3266 At
728 3207 961 3266 Sononnanuus
998 3203 1115 3263 Griech.
1155 3202 1285 3262 Alterth.

216 3315 274 3373 vol.
303 3319 318 3372 1
347 3336 376 3394 p.
405 3318 445 3373 46
469 3315 514 3394 sq)
548 3325 650 3393 negat,
682 3325 786 3394 gentes
826 3317 903 3375 inter
936 3334 968 3373 se
993 3314 1078 3373 nulla
1104 3333 1194 3371 causa
1223 3311 1285 3371 bel·

216 3425 300 3484 lasse.
357 3423 521 3486 Videamus
544 3427 604 3484 iam
628 3446 786 3505 quemnam
812 3446 978 3505 sequamur.
1032 3424 1226 3483 Notissimum
1252 3442 1288 3480 ac

217 3536 276 3593 iam
292 3553 381 3613 supra
395 3546 653 3597 commemoratum
668 3545 719 3609 est,
735 3536 867 3596 advenas
886 3537 1080 3611 interrogatos
1096 3553 1167 3607 esse,
1187 3541 1287 3592 utrum

217 3652 394 3704 mercatores
412 3667 452 3705 an
471 3646 635 3725 praedones
655 3654 760 3705 essent.
816 3647 883 3705 Iam
904 3643 1098 3724 Thucydides
1121 3645 1151 3718 1,
1174 3643 1192 3702 5
1213 3643 1288 3702 haec

217 3753 309 3814 verba
334 3754 436 3813 habet:
466 3754 518 3815 καὶ
544 3759 571 3816 οἱ
596 3755 723 3816 παλαιοὶ
747 3758 812 3816 τῶν
837 3763 972 3826 ποιητῶν
998 3749 1056 3826 τὰς
1081 3750 1197 3823 πίστεις
1221 3755 1285 3811 τῶν

218 3861 459 3927 καταπλεόντων
475 3870 634 3951 πανταχοῦ
649 3863 759 3949 ὁμοίως
774 3865 957 3948 ἐρωτῶντες,
979 3869 1005 3926 εἰ
1019 3862 1135 3944 λησταί
1148 3865 1229 3938 εἰσιν,
1247 3859 1287 3932 οίς

188 4032 190 4035 ,
219 3973 290 4037 οὔτε
305 3967 347 4038 ὧν
362 3973 562 4038 πυνθάνονται
577 3965 788 4048 ἀπαξιούντων
803 3970 840 4036 τὸ
857 3977 952 4059 ἔργον,
975 3969 1015 4046 οἷς
1035 3995 1072 4036 τε
1088 3970 1227 4057 ἐπιμελὲς
1242 3973 1286 4040 εἴη
