2994 4942
694 361 755 366 m
772 274 814 338 26
920 322 922 326 .

258 463 357 523 weder
372 485 431 522 von
445 463 558 523 Fracht
573 460 703 546 (φόρτος)
725 462 801 522 noch
816 483 875 522 von
897 460 1127 539 beabsichtigter
1142 463 1330 523 Rr'tokfracht

262 560 409 651 (ddutoe).“
453 572 601 653 Equidem
616 593 676 631 non
690 572 778 632 video
794 592 845 631 cur
867 591 960 632 naves
979 573 1171 641 mercatoriae
1186 592 1248 632 esse
1269 594 1330 633 non

256 684 415 763 potuerint.
467 683 567 758 Quum
590 684 669 743 enim
691 684 898 742 commercium
926 682 1003 742 inter
1024 683 1149 761 populos
1175 689 1238 741 tum
1265 702 1328 743 esse

257 795 370 853 factum
393 813 482 872 supra
503 792 736 852 demonstratum
759 795 804 867 sit,
826 795 915 853 etiam
931 788 948 871 ξ
964 796 1025 851 246
1048 794 1103 873 sqq
1121 793 1197 852 nihil
1223 792 1328 865 obstat,

257 905 414 984 quominus
441 902 508 961 illas
542 923 651 962 novem
686 923 778 964 naves
806 905 995 964 mercatorias
1028 903 1117 962 fuisse
1147 921 1328 962 censeamus,

256 1013 395 1093 Namque
410 1032 448 1073 ex
464 1032 498 1072 eo
514 1013 593 1093 quod
609 1016 705 1074 oneris
716 1014 800 1072 nulla
813 1013 924 1073 mentio
938 1011 980 1086 fit,
996 1031 1063 1072 mea
1078 1013 1198 1091 quidem
1213 1019 1329 1072 senten·

257 1124 301 1182 tia
321 1144 383 1182 uon
406 1124 466 1182 iam
493 1123 668 1184 concludere
690 1124 768 1198 licet,
792 1123 859 1182 illas
881 1141 973 1181 naves
998 1121 1181 1201 praedonum
1207 1123 1330 1182 classem

257 1233 358 1296 fuisse.
401 1232 528 1293 Accedit
542 1233 622 1313 quod
636 1255 667 1295 v.
684 1235 745 1294 259
762 1233 904 1292 simillimi
919 1251 1022 1292 versus
1036 1233 1176 1309 leguntur
1191 1227 1208 1309 ξ
1224 1235 1278 1292 88:

410 1359 462 1420 καὶ
477 1356 531 1442 μὲν
546 1368 612 1430 τοῖς
627 1349 729 1430 ὄπιδος
744 1353 889 1443 κρατερὸν
905 1349 973 1430 δέος
988 1361 1020 1421 ἐν
1032 1359 1116 1444 φρεσὶ
1131 1356 1234 1419 πίπτει

257 1483 324 1558 ὅπις
346 1494 447 1545 autem
462 1486 679 1546 substantivum
694 1486 840 1546 vindicias
860 1486 978 1548 divinas
1000 1487 1157 1565 significat.
1202 1486 1270 1561 Qua
1293 1486 1331 1546 de

180 1588 186 1601 ’
259 1616 291 1658 re
307 1596 487 1657 conferenda
501 1605 569 1656 sunt
583 1596 675 1657 verba
689 1597 846 1656 Nrrzsoru
856 1599 908 1677 qui
922 1597 961 1657 ad
976 1616 991 1657 ε
1007 1599 1067 1656 146
1090 1598 1164 1657 haec
1179 1596 1219 1656 ad
1233 1604 1330 1656 notat:

261 1703 345 1781 ,,ὅπις
366 1707 493 1767 welches
511 1708 543 1765 in
564 1707 617 1766 der
640 1707 736 1768 tltern
752 1708 884 1786 Sprache
906 1707 955 1767 die
969 1707 1188 1782 Strafaufsicht‚
1212 1707 1260 1767 die
1282 1728 1330 1766 au-

261 1816 430 1877 schauende
449 1817 516 1876 Hut
539 1816 593 1876 der
613 1816 720 1877 Gotter
741 1818 914 1878 bezeichnet
935 1813 965 1895 (ξ
985 1820 1068 1892 82).“
1118 1818 1205 1877 Haec
1231 1826 1331 1877 autem

261 1928 408 1986 sententia
437 1947 471 1986 eo
504 1928 705 2002 confirmatur,
736 1928 816 2007 quod
842 1929 1011 2006 saepissime
1040 1928 1132 1988 verba
1161 1923 1226 1999 ὄπις
1255 1924 1331 1987 θεῶν

261 2037 420 2096 coniuncta
445 2037 639 2097 inveniuntur
658 2037 695 2096 cf.
718 2059 735 2096 υ
759 2038 829 2112 215,
853 2056 873 2121 φ
894 2039 943 2098 28.
988 2037 1073 2112 Quae
1098 2058 1165 2096 cum
1196 2039 1239 2097 ita
1263 2039 1330 2111 sint,

260 2167 321 2206 non
342 2148 414 2206 mihi
434 2146 552 2206 videtur
571 2143 651 2231 ὕβρις
670 2149 780 2207 iniuria
805 2148 875 2206 duci
899 2148 984 2207 illata
1006 2148 1059 2209 sed
1080 2148 1239 2207 insolentia
1259 2166 1331 2222 esse,

260 2276 350 2335 quam
378 2256 421 2315 dii
449 2257 506 2336 ipsi
534 2277 568 2317 eo
597 2259 788 2337 puniverunt,
811 2258 890 2338 quod
909 2258 1054 2339 Aegyptii
1083 2259 1245 2337 superiores
1275 2256 1332 2316 dis-

259 2375 418 2426 cesserunt.
462 2368 544 2445 Ergo
567 2369 742 2429 concludere
766 2367 850 2428 nobis
864 2369 934 2428 lieet
949 2402 991 2411 -
1006 2369 1030 2426 si
1045 2367 1166 2447 quidem
1184 2387 1200 2427 e
1222 2365 1332 2426 talibus

165 2538 168 2543 ,
262 2475 395 2536 versibus
419 2477 492 2556 quid
517 2479 621 2555 magni
646 2480 786 2538 momenti
813 2478 1050 2538 concludendum
1069 2486 1114 2537 est
1134 2512 1169 2520 -
1190 2478 1249 2536 iam
1274 2476 1333 2535 illis

198 2663 200 2667 7
245 2587 659 2667 ,antiquissimistemporibus
667 2589 751 2648 nefas
759 2589 893 2648 habitum
902 2608 974 2664 esse,
984 2589 1075 2647 alium
1083 2594 1192 2647 temere
1203 2586 1330 2647 laedere.

264 2694 408 2757 Attamen
423 2698 645 2758 concedendum
662 2706 714 2773 est,
730 2697 911 2779 temporibus
930 2699 1084 2758 homericis
1102 2698 1223 2777 rapinas
1238 2697 1333 2756 factas

261 2826 334 2870 esse.
386 2805 474 2880 Quod
498 2827 546 2867 me
571 2809 691 2888 quidem
716 2808 813 2869 iudice
839 2830 899 2868 non
919 2831 939 2869 α
966 2811 1027 2868 397
1047 2829 1082 2887 sq
1106 2806 1254 2886 probatur,
1281 2806 1333 2865 ubi

257 2916 456 2976 Telemachus
470 2918 544 2978 haec
559 2919 696 2997 protulit:

411 3050 509 3135 αὐτὰρ
526 3048 606 3138 ἐγὼν
623 3055 717 3116 οἴκοιο
734 3048 813 3132 ἄναξ
828 3052 910 3136 ἔσομ’
928 3049 1086 3136 ἡμετέροιο

412 3160 464 3222 καὶ
479 3152 601 3246 δμώων,
618 3160 667 3236 οὕς
682 3185 733 3248 μοι
747 3160 896 3235 ληίσσατο
912 3152 975 3236 δῖος
986 3153 1167 3234 Ὀδυσσεύς.

347 3297 416 3356 Ηοο
431 3298 512 3356 enim·
525 3299 589 3358 loco
609 3320 695 3360 nemo
716 3300 893 3380 probaturus
913 3318 977 3358 esse
995 3297 1122 3372 videtur,
1144 3299 1210 3358 illos
1233 3317 1332 3358 servos

260 3428 321 3466 non
346 3408 421 3467 iusto
445 3407 523 3467 hello
549 3417 649 3488 captos
674 3430 751 3471 esse:
782 3412 838 3470 hoc
857 3417 957 3470 autem
983 3408 1062 3469 bello
1091 3409 1221 3468 Troiano
1243 3427 1331 3487 saepe

259 3515 372 3574 factum
387 3536 449 3577 esse
465 3518 544 3578 infra
559 3539 714 3599 exponam.
759 3521 825 3580 Nec
840 3520 933 3580 altero
955 3520 1020 3578 loco
1034 3519 1210 3579 Nmasonro
1233 3538 1331 3578 assen-

260 3627 326 3684 tior.
372 3626 477 3686 Ulixes
500 3624 614 3710 enimd
631 3631 692 3690 357
709 3651 743 3712 sq
765 3632 851 3690 uxori
873 3629 984 3705 dicens,
1000 3649 1032 3690 se
1053 3629 1085 3689 id
1101 3637 1235 3690 acturum
1258 3647 1338 3703 esses
1377 3642 1382 3649 ·

259 3745 294 3794 ut
309 3737 415 3795 amissa
430 3736 628 3815 reficerentur,
644 3740 689 3800 his
704 3762 775 3800 usus
791 3748 836 3801 est
850 3739 965 3801 verbis:

412 3870 514 3934 πολλοὶ
531 3871 584 3956 μὲν
602 3871 693 3946 αὐτὸς
708 3871 769 3962 ἐγὼ
785 3875 956 3957 ληίσσομοιι,
973 3871 1056 3934 ἄλλα
1072 3864 1098 3935 δ’
1117 3870 1236 3957 Ἀχαιοί

412 3975 554 4059 δώσοοσ’,
571 3987 610 4054 εἰς
626 3982 641 4043 ὅ
658 4006 692 4045 κε
707 3984 824 4058 πάντας
839 3984 1039 4054 ἐνιπλήσωσιν
1055 3982 1216 4055 ἐπαύλους.
