2994 4942
732 284 774 346 20

656 373 680 378 ..-
691 374 703 378 ..
720 374 726 378 .
745 373 849 380 ..ω-...-

220 475 370 554 Chrysen,
402 494 489 553 quem
515 473 607 532 filiam
637 475 762 552 petitum
787 474 817 532 in
843 474 1022 533 Graecorum
1050 482 1144 533 castra
1174 477 1291 534 venisse

218 586 516 656 commemoravimus,
532 593 709 657 revereatur,
725 584 761 643 cf.
777 584 807 642 A
823 587 884 645 376
900 605 935 665 sq

372 691 427 755 ἔνθ’
447 692 537 754 ἄλλοι
552 691 606 777 μὲν
621 695 734 764 πάντες
749 693 966 778 ἐπευφήμησαν
978 692 1102 778 Ἀχαιοί

371 794 517 864 αἰδεῖσθαί
533 798 556 863 θ’
576 807 660 886 ἱερῆα
674 802 727 864 καὶ
742 801 847 889 ἀγλαοὶ
863 793 966 888 δέχθαι
982 801 1102 865 ἄποινα.

283 915 421 975 Ceterum
436 916 473 974 de
499 914 699 974 sacerdotibus
725 916 880 974 homericis
900 935 997 994 pauca
1018 923 1133 975 tantum
1156 915 1285 976 dicenda

219 1034 296 1098 sunt,
312 1034 485 1104 propeterea
505 1024 584 1104 quod
605 1025 790 1084 sacerdotum
813 1047 879 1084 raro
894 1025 928 1084 fit
942 1027 1059 1085 mentio.
1103 1027 1175 1084 Rari
1190 1035 1289 1087 autem

217 1136 268 1194 illo
291 1137 353 1214 ipso
376 1144 508 1214 tempore
530 1134 697 1194 sacerdotes
719 1144 813 1208 erant,
835 1137 975 1214 quoniam
997 1156 1081 1212 reges
1103 1136 1288 1201 sacerdotum

217 1245 388 1304 muneribus
402 1245 528 1324 publicis
543 1244 745 1323 fungebantur
759 1254 788 1304 et
802 1246 1030 1324 patresfamilias
1051 1266 1135 1305 sacra
1150 1248 1179 1304 in
1196 1246 1288 1306 domi·

218 1356 272 1414 bus
287 1359 347 1415 suis
368 1355 520 1415 curabant.
565 1355 626 1416 Sed
648 1354 947 1415 animadvertendum
967 1364 1018 1429 est,
1041 1365 1159 1434 poetam
1184 1357 1201 1415 I
1225 1359 1288 1417 574

217 1485 271 1544 sqq
296 1485 430 1538 narrare,
462 1487 521 1524 non
548 1466 641 1525 solum
672 1485 755 1524 senes
777 1466 927 1525 Aetolicos
954 1468 1138 1543 Meleagrum
1160 1487 1290 1545 rogasse,

216 1577 423 1634 verumetiam
439 1578 563 1655 optimos
578 1576 698 1635 deorum
715 1576 879 1635 sacerdotes
894 1577 997 1635 missos
1013 1597 1091 1635 esse:

368 1684 488 1771 πέμπον
505 1678 539 1746 δὲ
554 1684 629 1747 θεῶν
645 1689 745 1771 ἱερῆας
760 1685 908 1770 ἀρίστους.

281 1797 425 1857 Videmus
448 1806 548 1857 autem
562 1798 619 1856 hoc
641 1797 704 1856 loco
730 1817 768 1856 ex
783 1817 817 1856 eo
840 1797 916 1875 quod
935 1797 1099 1857 sacerdotes
1114 1774 1287 1872 missisunt,

216 1916 407 1987 posteaquam
442 1909 502 1966 iam
524 1927 608 1966 senes
634 1906 673 1967 ad
698 1927 769 1966 eum
795 1927 857 1967 sese
887 1909 1092 1982 contulerunt,
1121 1909 1287 1968 sacerdotes

217 2020 326 2076 maiore
342 2019 474 2077 floruisse
493 2019 668 2077 auctoritate
683 2038 772 2097 quam
795 2037 887 2077 senes.
931 2020 1045 2078 Tamen
1069 2039 1105 2078 ex
1128 2018 1287 2078 sacerdoti-

218 2126 272 2184 bus
294 2129 381 2205 primi
407 2137 522 2187 tantum
549 2129 635 2187 electi
661 2137 729 2187 sunt
754 2128 812 2201 vel,
838 2136 871 2187 ut
890 2129 988 2188 Faesii
1013 2130 1284 2208 interpretationem

216 2237 303 2295 huius
325 2237 409 2296 verbi
430 2238 603 2298 adhibeam:
633 2238 701 2311 „die
721 2238 814 2297 durch
833 2239 917 2297 ihren
935 2239 1029 2298 Stand
1052 2239 1113 2307 und
1136 2240 1199 2298 ihre
1216 2239 1286 2299 Per-

214 2346 393 2407 sbnlichlreit
408 2350 670 2425 angesehensten.“
695 2348 785 2408 Adde
800 2349 879 2427 quod
890 2347 1002 2409 Onetor
1016 2369 1132 2429 quoque
1146 2369 1165 2408 a
1176 2350 1285 2428 populo

214 2465 365 2537 tamquam
382 2458 454 2517 deus
470 2458 566 2516 cultus
581 2477 644 2517 esse
660 2459 775 2517 dicitnr.
821 2459 867 2519 Of.
883 2456 915 2519 ll
932 2458 995 2520 604
1010 2480 1043 2538 sq

366 2565 529 2652 Λαόγονον
545 2562 653 2650 θρασὺν
668 2567 732 2628 υίόν
744 2565 926 2652 Ὀνήτορος,
942 2567 972 2640 ὃς
987 2563 1058 2640 Διὸς
1074 2566 1149 2652 ἱρούς

362 2668 476 2741 Ἰδαίου
493 2676 652 2755 ἐτέτυκτο,
668 2673 731 2750 θεὸς
747 2670 773 2738 δ’
793 2678 832 2750 ὣς
847 2679 932 2738 τίετο
949 2665 1065 2761 δῆμοι

282 2903 291 2934 ¹
310 2905 366 2964 Quo
378 2906 479 2965 quidem
491 2907 548 2952 loco
568 2908 703 2965 quaeritur,
722 2911 803 2952 utrum
816 2905 933 2967 periodus
951 2905 1059 2950 relativa
1078 2904 1111 2949 sd
1123 2905 1191 2965 prius
1203 2919 1236 2950 an
1249 2905 1281 2950 ed

212 2991 335 3050 posterius
347 2990 533 3037 substantivum
545 2992 676 3037 referenda
688 2993 727 3038 sit.
758 2991 882 3050 Equidem
899 3004 976 3049 nego,
994 2990 1110 3036 Faesium
1128 2990 1281 3048 sequendum

213 3089 266 3122 esse
284 3075 458 3122 adnotantem:
481 3068 529 3137 „dg
545 3069 605 3133 Διὸς
621 3069 685 3142 ἱρεὺς
701 3071 811 3124 ἐτέτυκτο
824 3077 884 3136 geht
896 3076 963 3121 wohl
976 3076 1021 3120 auf
1030 3074 1174 3134 Laogonos,
1188 3075 1226 3120 als
1241 3075 1281 3120 die

212 3158 415 3219 Hauptperson.“
443 3161 497 3207 Nec
514 3162 580 3207 enim
598 3163 678 3208 solum
695 3163 766 3207 nulla
785 3166 927 3220 causaest,
947 3174 991 3206 cur
1003 3160 1036 3206 ad
1048 3159 1196 3218 Laogonum
1208 3160 1281 3205 illam

211 3246 342 3305 periodum
353 3246 490 3292 referamus
503 3246 547 3293 sed
560 3248 639 3293 multo
652 3247 751 3293 facilius
768 3261 824 3292 cum
842 3245 937 3292 Onetor
953 3259 1017 3291 voce
1036 3245 1153 3305 periodus
1172 3245 1281 3291 relativa

212 3331 378 3390 coniungitur.
411 3330 494 3389 Quid?
511 3332 578 3391 quod
595 3331 730 3391 Laogonus
747 3331 857 3377 bellator
874 3331 919 3376 ille
937 3331 1087 3376 fortissimus
1106 3330 1196 3376 melius
1212 3329 1280 3376 filius

211 3415 349 3464 sacerdotis
360 3429 435 3476 quam
446 3416 500 3477 ipse
511 3417 629 3464 sacerdos
641 3418 792 3477 appellatur,
810 3417 869 3476 quia
881 3429 930 3460 non
943 3415 1066 3461 credibile
1078 3420 1124 3473 est,
1136 3414 1281 3461 sacerdotes

211 3500 278 3562 ipsos
290 3502 381 3562 pugnis
393 3501 543 3548 interfuisse.
568 3501 623 3560 Quo
635 3502 692 3547 loco
704 3500 950 3547 commemorandum
963 3504 1008 3558 est,
1023 3498 1170 3546 Strabonem
1183 3512 1280 3557 quoque

210 3600 233 3645 p.
247 3587 297 3631 413
314 3584 342 3632 G.
362 3582 439 3643 (ΞΘ
459 3587 491 3632 36
509 3583 648 3644 Msrursxu)
666 3585 840 3632 sacerdotibus
856 3586 963 3631 milities
980 3585 1139 3631 vacationem
1155 3582 1280 3628 tribuere:

210 3668 368 3716 verba‘enim
380 3659 443 3716 haec
460 3672 590 3730 leguntur3
611 3662 650 3717 διὰ
662 3671 735 3718 τοῦτο
753 3664 776 3718 δ’
789 3664 849 3725 ἴσως
861 3664 916 3718 οὐδ’
932 3665 955 3717 ἐν
967 3664 1004 3737 τῷ
1016 3663 1148 3734 καταλόγῳ
1161 3663 1280 3733 μέμνηται

210 3748 261 3802 τῶν
273 3748 376 3805 ἐνταῦθα
388 3747 489 3820 ἀνδρῶν,
501 3747 582 3817 ἐπειδὴ
595 3752 655 3822 ἱεροί
668 3748 738 3814 ὄντες
754 3754 868 3820 παρεῖντο
880 3750 924 3817 τῆς
936 3751 1069 3819 στρατείας.
1102 3753 1151 3801 Sed
1168 3756 1223 3798 utut
1239 3765 1279 3799 res

209 3853 264 3886 sese
276 3838 354 3885 habet
367 3839 459 3897 (neque
472 3842 537 3886 enim
550 3843 635 3900 magni
644 3843 762 3887 momenti
773 3846 818 3899 est,
828 3845 911 3887 utrum
921 3841 994 3886 illam
1003 3838 1134 3901 periodum
1144 3838 1279 3883 relativam

210 3925 243 3969 ed
256 3924 402 3983 Laogonem
415 3936 447 3970 an
460 3925 492 3969 ad
510 3923 646 3972 Onetcrem
662 3922 810 3985 referamus)
829 3925 894 3971 illud
912 3925 1000 3983 negari
1017 3923 1103 3984 nequit
1121 3922 1278 3970 sacerdotem
1357 3937 1360 3940 ⁴

209 4013 337 4069 tamquam
351 4009 424 4055 deum
437 4009 533 4055 cultum
545 4023 598 4056 osse
611 4010 668 4057 dici.
