2994 4942
707 396 773 402 -,
787 309 907 402 ll„-

274 501 452 558 mentionem
468 500 534 571 feci,
551 507 707 577 propterea
719 498 795 576 quod
813 499 844 556 in
860 499 915 557 hac
932 499 1024 558 altera
1040 499 1247 577 disputationis
1259 508 1345 578 parte

273 610 377 668 melius
393 609 429 668 de
445 610 480 667 iis
496 608 644 685 agendum
665 628 728 667 esse
743 607 907 681 videbatur,
926 611 1036 687 quippe
1051 611 1102 688 qui
1122 610 1200 669 bello
1215 612 1345 670 maxime

273 718 444 798 probarent,
474 721 578 798 quanti
597 720 736 777 momenti
759 717 888 789 habendi
916 727 1021 777 essent.
1066 720 1173 779 Statim
1198 721 1254 778 hoc
1279 721 1346 779 loco

273 830 392 889 libellus
404 829 676 888 commemorandus
691 837 743 901 est,
755 848 843 907 quem
858 828 978 887 Kostka
993 829 1048 902 „de
1060 830 1345 909 praeconibusapud

274 941 457 998 Homerum“
479 960 557 998 anno
581 942 661 998 1844
677 939 801 1017 Lyckae
824 937 925 997 edidit.
971 939 1013 998 Et
1033 938 1070 998 de
1090 941 1203 1015 origine
1225 940 1345 1018 quidem

273 1069 451 1128 praeconum
472 1050 548 1107 nihil
573 1068 610 1107 ex
637 1068 671 1107 eo
697 1047 934 1107 concludendum
956 1057 1008 1122 est,
1031 1048 1111 1127 quod
1130 1046 1203 1109 θεῖοι
1218 1050 1267 1109 vel
1284 1037 1343 1109 dior

273 1160 421 1218 dicuntur.
462 1160 555 1218 Velut
570 1154 597 1217 Δ
615 1161 673 1217 192
691 1159 764 1217 haec
778 1157 870 1216 verba
884 1158 1039 1234 leguntur:

426 1268 478 1329 καὶ
493 1265 662 1347 Ταλθύβιον
677 1264 754 1327 θεῖον
769 1265 886 1350 κήρυκα
899 1258 1054 1350 προσηύδα

274 1391 303 1440 et
321 1377 345 1439 ll
365 1385 425 1440 315
442 1374 503 1450 υἱὸς
517 1377 643 1461 κήρυκος
659 1373 757 1438 θείοιο.
788 1373 857 1436 Δῖοι
877 1398 994 1461 quoque
1010 1379 1199 1457 appellantur
1216 1375 1249 1439 Μ
1265 1381 1344 1440 343ι

272 1490 312 1549 ibi
334 1493 412 1549 enim
433 1491 622 1548 Menestheus
636 1488 784 1546 'l'hootarn
799 1488 978 1547 Graecorum
994 1508 1170 1567 praeconem
1186 1489 1345 1568 alloquitur

273 1590 319 1661 δῖε
335 1598 463 1662 Θοῶτα.

335 1709 423 1769 Adde
438 1711 517 1790 quod
533 1698 654 1792 διίριλοι
668 1709 698 1768 Θ
715 1713 775 1769 517
792 1711 994 1788 appellantur:

423 1820 545 1901 κήρυκες
561 1811 586 1879 δ’
605 1819 665 1884 ἀνα
682 1817 760 1879 ἄστυ
777 1810 904 1904 διίριλοι.

258 2000 260 2004 ,
339 1930 399 1991 Sed
426 1931 658 1990 Sonoenannus
684 1930 815 2000 (Griech.
842 1930 1341 2008 Alteah.1p.at)N1rzsomnn

273 2075 313 2082 —
327 2042 362 2101 cf.
379 2041 447 2099 adn.
466 2041 503 2098 ad
518 2060 547 2124 γ,
565 2042 625 2099 265
642 2073 680 2082 -
698 2049 814 2100 secutus
826 2042 970 2120 exposuit,
982 2036 1057 2111 θεῖος
1072 2048 1101 2099 et
1117 2028 1180 2111 δῖος
1195 2040 1345 2099 adiectiva

275 2151 350 2209 nihil
379 2150 657 2226 aliudsignificare
686 2153 742 2210 nisi
772 2154 868 2210 virum
897 2153 1049 2228 egregium
1080 2159 1110 2209 et
1139 2151 1343 2210 excellentem.

272 2262 355 2319 Dicit
370 2262 462 2321 enirn:
485 2249 544 2320 dier
558 2261 619 2319 und
636 2257 707 2322 θεῖοι
723 2261 751 2321 d.
767 2263 795 2320 h.
812 2261 859 2321 die
882 2263 936 2319 mit
956 2261 1164 2339 gottbegabter
1182 2261 1342 2320 Trefflich·

273 2371 336 2431 leit
350 2372 541 2430 versellenen.
585 2373 651 2431 Nec
666 2393 736 2431 vero
752 2373 928 2445 omittamus,
947 2373 1026 2450 ipsos
1046 2390 1207 2451 praecones
1222 2372 1343 2430 heroum

271 2482 438 2540 nominibus
453 2483 610 2541 honoratos
624 2501 687 2542 esse
703 2484 739 2541 cf.
756 2503 774 2542 σ
790 2485 851 2542 423
867 2502 901 2560 sq

423 2599 518 2651 τοῖσιν
535 2581 570 2651 δὲ
585 2594 721 2674 κρητῆρα
736 2588 906 2676 κεράσσατο
924 2587 1057 2662 Μούλιος
1071 2587 1160 2672 ἥρως,

423 2692 515 2784 κῆρυξ
531 2699 711 2785 Δουλιχιεύς.

337 2813 516 2871 Eustachius
531 2833 646 2892 quoque
661 2815 692 2870 in
708 2813 926 2870 commentariis
941 2811 979 2870 ad
992 2811 1157 2890 Odysseam
1172 2812 1289 2890 scriptis
1304 2811 1345 2870 ad

272 2944 290 2980 υ
304 2924 363 2981 276
376 2923 513 2981 adnotat:
528 2921 653 3005 κήρυκες
666 2911 701 2981 δὲ
713 2925 740 2981 οἱ
752 2919 835 2981 κατὰ
848 2916 905 2989 τὴν
918 2917 1039 2988 Ἰθάκην
1056 2911 1194 3004 δημόσιοι
1210 2919 1344 2982 ἐνταῦθα

272 3033 426 3108 νοοῦνται,
449 3035 479 3092 ol
491 3031 543 3091 καὶ
557 3039 625 3102 ταῖς
641 3029 751 3103 θυσίαις
767 3030 933 3118 ὑπούργουν
948 3029 1024 3091 θεῖον
1039 3030 1126 3115 γένος
1142 3029 1226 3104 ὄντες
1241 3032 1293 3092 καὶ
1309 3031 1344 3092 ού

272 3140 363 3226 μόνον
379 3132 497 3224 ἀνδρῶν
513 3138 640 3227 ἄγγελοι
656 3141 739 3201 ἀλλα
754 3143 806 3202 καὶ
820 3140 907 3217 θεῶν,
928 3138 1002 3212 eigai
1022 3138 1116 3212 Ἰλιὰς
1136 3132 1233 3211 δηλοῖ.
1277 3143 1345 3202 Iam

271 3273 341 3312 vero
363 3254 522 3332 quaeritur,
550 3271 607 3330 quo
632 3252 697 3310 loco
723 3273 884 3331 praecones
910 3253 973 3310 nati
1000 3272 1062 3312 esse
1088 3251 1256 3312 videantur.
1302 3253 1345 3311 Et

190 3396 192 3400 >
270 3363 389 3422 Kostka
409 3362 543 3443 quidem,
569 3362 652 3420 cuius
677 3361 811 3421 libellum
839 3362 877 3421 de
902 3362 1097 3441 praeconibus
1122 3364 1264 3440 scriptum
1284 3364 1347 3422 iam

270 3475 511 3546 commemoravi,
532 3480 644 3544 censet,
665 3492 826 3550 praecones
848 3473 980 3531 homines
996 3474 1139 3548 ingenuos
1154 3493 1215 3530 non
1229 3492 1246 3532 e
1261 3475 1346 3549 regia

270 3585 361 3662 stirpe
376 3584 428 3643 sed
443 3603 459 3642 e
475 3583 584 3662 populo
598 3582 739 3666 oriundos
754 3584 852 3641 fuisse.
899 3582 956 3642 Cui
971 3583 1137 3642 sentcntiae
1156 3603 1217 3640 non
1237 3581 1346 3656 obstat,

269 3693 348 3773 quod
363 3712 522 3772 praecones
536 3693 644 3753 divites
660 3694 750 3752 fuisse
765 3692 917 3751 videntur:
937 3694 1079 3770 leguntur
1094 3694 1173 3752 enim
1188 3687 1215 3750 ll
1233 3694 1294 3751 314
1312 3713 1347 3772 sq

270 3802 344 3861 haec
359 3802 421 3860 fore
437 3801 542 3860 verba:

426 3902 462 3978 ἦν
478 3901 513 3971 δέ
527 3933 572 3983 τις
588 3912 619 3972 ἐν
636 3905 773 3995 Τρώεσσι
788 3908 897 3973 Δόλων
914 3905 1069 3994 Εὐμήδεος
1085 3909 1147 3983 υἱός

423 4017 551 4100 κήρυκος
564 4017 663 4098 θείοιο,
678 4021 864 4106 πολύχρυσος
879 4021 1083 4106 πολύχαλκος.
