2994 4942
798 290 937 366 18'

281 462 442 555 homerica:
459 494 536 554 adde
551 493 629 572 quod
651 494 824 572 peregrinus
846 492 883 550 ab
904 494 1019 570 hospite
1041 493 1223 570 postulabat,
1247 503 1280 554 ut
1303 515 1352 555 ex·

282 608 443 686 ciperetur:
465 603 571 684 quibus
586 603 623 664 de
638 605 710 663 locis
726 624 815 683 supra
829 604 888 662 iam
903 602 1015 661 dictum
1030 611 1082 662 est.
1128 604 1178 662 Ex
1197 606 1233 664 iis
1254 614 1353 665 autem

283 737 361 795 quae
375 716 564 795 exposuimus
579 733 723 793 apparere
737 713 864 786 videtur,
880 714 924 771 ius
937 713 1058 793 hospitii
1072 713 1163 774 fuisse
1182 715 1272 794 idque
1288 716 1354 775 dili·

283 828 452 904 gentissime
468 825 655 885 observatum
670 843 741 884 esse.

346 936 507 1014 Hospitum
521 955 592 994 vero
607 935 664 992 iuri
685 933 866 992 simillimum
887 941 950 991 erat
968 934 1013 992 ius
1034 934 1201 1012 supplicum
1223 944 1253 994 et
1272 955 1353 996 men-

283 1045 425 1107 dicorum.
470 1045 627 1123 Supplices
654 1045 734 1103 enim
760 1042 798 1102 ab
824 1042 959 1102 omnibus
988 1044 1212 1122 excipiebantur
1241 1046 1355 1104 etiamsi

282 1174 396 1215 summa
416 1154 527 1215 scelera
548 1156 761 1214 commiserant.
804 1153 866 1214 sed
887 1162 920 1212 ut
939 1154 1077 1232 exempla
1095 1154 1265 1228 afferamus,
1287 1157 1354 1235 quis

282 1274 327 1326 est
341 1267 413 1344 quin
428 1266 509 1338 sciat,
526 1265 782 1345 Theoclymenum
797 1286 816 1323 a
826 1264 1005 1324 Telemacho
1016 1262 1092 1324 hene
1107 1274 1264 1343 exceptum
1280 1285 1353 1340 esse,

282 1377 417 1454 quamvis
432 1377 528 1434 virum
540 1383 682 1435 necasset.
714 1374 760 1434 Of.
776 1395 792 1434 ο
810 1376 871 1433 280
886 1394 941 1453 sqq

436 1484 471 1546 οὐ
488 1482 542 1570 μὲν
559 1476 596 1553 δή
613 1483 636 1545 σ’
657 1481 804 1545 ἐθέλοντά
820 1481 845 1568 γ’
867 1481 980 1543 ἀπώσω
997 1478 1065 1554 νηὸς
1080 1483 1167 1558 ἐίσης,

436 1594 503 1655 ἀλλ’
523 1592 602 1656 ἕπεο
619 1593 717 1679 αὐτὰρ
734 1591 809 1654 κεῖθι
825 1590 974 1677 φιλήσεαι,
989 1587 1037 1653 οἷοί
1051 1592 1075 1653 κ’
1096 1596 1223 1678 ἔχωμεν.

348 1707 497 1785 Deinceps
512 1707 578 1784 quis
594 1714 638 1766 est
653 1707 700 1764 cui
716 1726 775 1764 non
791 1705 822 1762 in
838 1712 968 1764 mentem
981 1705 1083 1763 veniat
1097 1707 1287 1767 suavissimus
1302 1708 1353 1767 illc

283 1815 436 1896 Odysseae
447 1815 536 1888 locus,
552 1815 603 1874 ubi
616 1816 721 1874 Ulixes
733 1814 914 1874 Nausicaam
928 1813 1064 1891 precibus
1079 1815 1143 1873 adit
1158 1825 1187 1877 et
1201 1819 1286 1894 virgo
1301 1819 1354 1878 illa

282 1927 417 2005 quamvis
432 1924 566 1984 omnibus
580 1926 641 1984 suis
655 1925 771 1983 ancillis
791 1924 974 2001 fugientibus
996 1923 1072 1984 bene
1090 1928 1281 2003 peregrinum
1304 1948 1354 1987 ex-

284 2038 356 2115 cipit
371 2036 407 2095 cf.
424 2024 442 2108 ζ
458 2038 517 2094 127
534 2056 597 2115 sqq.
627 2036 759 2095 Maxime
775 2044 874 2094 autem
889 2035 1058 2094 Nausicaae
1068 2034 1160 2094 verba
1170 2036 1356 2114 respicienda

283 2155 359 2219 sunt,
376 2166 451 2225 quae
467 2146 582 2205 ancillis
597 2135 614 2218 ζ
630 2148 690 2205 206
707 2166 741 2225 sq
761 2145 833 2205 dicit

435 2253 501 2316 ἀλλ’
522 2246 574 2316 ὅδε
588 2278 634 2327 τις
649 2245 796 2328 δύστηνος
811 2255 968 2338 ἀλώμενος
982 2246 1081 2316 ἐνθάδ’
1102 2254 1206 2332 ἱκάνει,

435 2361 489 2425 τὸν
505 2369 557 2426 νῦν
572 2363 627 2449 ypsi
644 2364 772 2450 κομέειν·
788 2363 860 2450 πρὸς
873 2365 932 2453 γὰρ
949 2362 1020 2437 Διός
1031 2369 1101 2426 εἰσιν
1118 2362 1251 2437 ἅπαντες

436 2465 528 2548 ξεῖνοί
541 2496 577 2536 τε
592 2476 711 2560 πτωχοί
726 2497 771 2554 τε,
788 2465 868 2549 δόσις
883 2468 909 2537 δ’
926 2475 1013 2562 ὀλίγη
1029 2497 1065 2538 τε
1081 2475 1151 2560 φίλη
1167 2496 1213 2539 τε.

348 2585 442 2645 Aliud
458 2586 614 2647 afferamus
628 2588 805 2667 exemplum.
844 2589 902 2647 Iris
917 2589 995 2646 enim
1011 2609 1029 2646 a
1043 2587 1116 2647 Iove
1131 2589 1221 2646 missa
1236 2588 1357 2647 Priamo

285 2697 438 2774 promittit,
449 2697 512 2756 fore
524 2706 557 2756 ut
568 2697 702 2758 Achilles
715 2700 842 2779 supplici
852 2698 934 2757 haud
946 2697 1034 2757 dubie
1046 2705 1156 2776 parcat.
1187 2697 1233 2758 Of.
1247 2693 1280 2757 Ω
1294 2700 1356 2758 158

438 2804 522 2866 ἀλλά
538 2805 608 2890 μάλ’
628 2797 777 2878 ἐνδυκέως
792 2806 899 2869 ἱκέτεω
915 2799 1115 2893 πεφιδήσεται
1131 2797 1246 2890 ἀνδρός.

349 2917 486 2976 Fortasse
510 2917 558 2975 hic
584 2938 811 2978 commemorare
836 2920 920 2991 licet,
946 2919 1065 2979 Ulixem
1090 2937 1208 2997 quoque
1234 2918 1357 2978 Phemio

286 3026 412 3105 supplici
426 3029 591 3105 pepercisse
608 3028 645 3089 cf.
660 3049 682 3113 χ
696 3031 758 3087 330
773 3048 835 3108 sqq.
873 3029 978 3106 Neque
998 3028 1167 3087 omittamus
1186 3028 1358 3107 Lycaonem

286 3138 351 3194 iura
377 3137 518 3215 supplicis
543 3136 581 3196 ab
606 3137 725 3196 Achille
751 3145 864 3216 petere,
892 3138 1002 3216 quippe
1028 3139 1079 3216 qui
1104 3139 1266 3216 aliquando
1293 3139 1359 3198 eius

286 3246 412 3323 hospitio
427 3267 497 3304 usus
512 3247 550 3305 sit
565 3247 603 3306 cf.
620 3243 653 3306 Φ
671 3249 709 3306 75
726 3268 760 3327 sq

439 3354 510 3415 ἀντί
524 3354 573 3415 τοί
588 3354 642 3441 εἰμ’
663 3355 777 3434 ἱκέταο,
793 3348 954 3442 διοτρεφές,
971 3347 1106 3417 αἰδοίοιο.

438 3462 499 3549 culp
511 3460 571 3552 γὰρ
587 3464 633 3525 σοὶ
647 3465 760 3550 πρώτῳ
774 3465 919 3550 πασάμην
931 3468 1000 3527 κτλ.

350 3577 398 3636 De
413 3575 528 3656 Chryse
543 3584 656 3651 autem,
677 3579 728 3657 qui
746 3578 785 3636 ad
806 3577 1063 3654 Agamemnonem
1084 3577 1211 3657 supplex
1225 3586 1358 3652 venerat,

286 3687 365 3746 infra
380 3685 498 3746 dicendi
512 3686 594 3746 locus
609 3688 674 3760 erit,
695 3707 762 3746 cum
784 3687 820 3747 de
836 3687 1021 3747 sacerdotum
1037 3688 1210 3748 condicione
1225 3705 1356 3763 agamus.

286 3796 422 3876 Apparet
442 3797 536 3874 igitur
556 3798 720 3877 supplicem
741 3799 804 3856 iure
828 3818 880 3856 suo
904 3797 1039 3857 defendi:
1069 3798 1149 3877 quod
1171 3796 1290 3877 quidem
1311 3797 1358 3855 ius

287 3906 428 3985 supplicis
447 3907 575 3967 maxime
600 3906 679 3967 bello
706 3909 835 3967 comitur
858 3907 984 3987 ideoque
1004 3908 1062 3967 alio
1084 3908 1149 3967 loco
1169 3906 1358 3967 tractandum

287 4015 349 4073 erit.
391 4016 539 4077 Necnon
560 4016 689 4081 mendici
712 4017 775 4077 iure
795 4019 929 4094 gentium
948 4018 1117 4080 utebantur.
1158 4016 1218 4091 Qui
1238 4016 1359 4095 quidem
