2994 4942
512 515 640 600 Λῆμνον
651 519 829 604 ἐυκτιμένην
845 517 1007 603 ἐπέρασσεν

361 628 462 700 νηυσὶν
479 626 573 714 ἄγων,
590 627 668 712 ἀτάρ
686 623 745 701 υἱὸς
758 627 891 701 Ἰήσονος
906 622 983 689 ὦνον
1000 621 1121 690 ἔδωκεν

359 737 456 801 κεῖθεν
472 731 507 799 δὲ
523 735 616 817 ξεῖνός
632 762 680 823 μιν
697 739 829 800 ἐλύσατο
845 741 915 802 κτλ.

272 885 337 944 Nec
353 892 457 963 captae
471 885 600 943 feminae
615 885 702 944 aliter
716 905 751 943 ac
762 885 820 943 viri
833 884 1046 943 tractabantur.
1076 885 1186 944 Servae
1198 884 1277 942 enim

209 997 308 1054 factae
332 993 447 1053 labores
473 996 620 1072 suscipere
646 1003 764 1054 coactae
790 1003 867 1068 sunt,
890 995 946 1054 nisi
962 995 1037 1053 forte
1063 996 1137 1054 haec
1151 996 1201 1052 vel
1225 993 1278 1052 illa

211 1106 292 1185 apud
317 1105 469 1164 dominum
494 1106 621 1181 gratiam
646 1105 714 1165 iniit
739 1107 860 1185 eiusque
881 1105 984 1184 'pellex
1008 1105 1089 1163 facta
1110 1113 1161 1163 est.
1219 1103 1279 1163 Sed

210 1215 312 1275 eodem
328 1215 483 1295 modoque
499 1215 612 1275 nobiles
626 1217 705 1274 viros
717 1224 817 1294 captos
827 1215 995 1294 redemptos
1010 1234 1072 1274 esse
1083 1215 1279 1294 exposuimua

211 1326 301 1385 etiam
315 1326 444 1385 feminae
460 1328 601 1385 servitute
615 1325 759 1386 liberatae
778 1334 855 1384 sunt,
899 1325 974 1400 Quis
993 1327 1073 1384 enim
1088 1333 1132 1383 est
1151 1325 1199 1383 oui
1219 1345 1278 1382 non

212 1438 244 1494 in
258 1446 387 1495 mentem
402 1438 512 1507 veniat,
526 1436 661 1515 Chrysen
676 1437 776 1494 statim
790 1437 877 1494 initio
892 1435 998 1494 Iliadis
1013 1436 1182 1494 venientem
1196 1435 1279 1511 fingi,

207 1528 304 1605 'filiam
334 1546 372 1605 ab
402 1545 628 1623 Agamemnone
663 1555 780 1625 captam
812 1548 952 1625 petitum:
986 1566 1041 1604 nec
1071 1565 1167 1624 pauca
1201 1544 1280 1602 dona

115 1653 118 1658 ’
212 1656 344 1716 attulisse
359 1655 485 1729 videtur,
501 1676 567 1714 cum
583 1651 609 1715 A
628 1661 665 1715 13
682 1657 755 1714 haec
769 1655 861 1715 verba
875 1657 986 1734 scripta
1001 1656 1076 1714 sint:

363 1763 525 1847 λυσόμενός
539 1785 576 1826 τε
590 1761 725 1849 θύγατρα
741 1764 838 1848 φέρων
852 1764 878 1826 τ’
894 1764 1035 1848 ,ἀπερείσι’
1057 1761 1166 1825 ἀποινα

212 1885 242 1936 et
257 1877 358 1956 paullo
373 1886 437 1955 post
454 1875 582 1956 Chryses
598 1877 661 1954 ipse
676 1875 771 1934 dicat:

364 1977 463 2046 παῖδα
478 1977 504 2045 δ’
523 1984 591 2062 ἐμοὶ
605 1983 696 2045 λῦσαί
710 2006 745 2046 τε
760 1984 850 2069 ρίλην
865 1981 907 2045 τά
921 1985 946 2044 τ’
967 1983 1076 2046 ἄποινα
1093 1975 1237 2068 δέχεσθαι.

277 2098 337 2156 Ηὶυ
366 2097 518 2176 quaeritur
543 2117 614 2153 num
644 2096 718 2175 quid
743 2117 781 2155 ex
815 2104 898 2174 peste
928 2095 966 2155 ab
992 2096 1134 2174 Apolline
1163 2105 1283 2174 propter

212 2206 384 2285 repudiatas
399 2205 559 2265 sacerdotis
574 2225 676 2284 preces
691 2208 822 2266 immissa
836 2205 1072 2266 concludendum
1087 2207 1133 2264 sit.
1170 2205 1231 2265 Sed
1245 2225 1283 2265 ex

213 2315 348 2376 omnibus
362 2317 435 2374 locis
450 2316 554 2390 elucet,
569 2316 742 2395 Apollinem
757 2338 817 2375 non
831 2324 893 2375 tam
908 2316 1072 2395 supplicem
1084 2336 1172 2394 qnam
1187 2335 1281 2374 sacer·

214 2426 312 2486 dotem
327 2427 384 2505 ipsi
407 2428 589 2486 carissimum
611 2429 822 2486 honoraturum
844 2428 943 2486 fuisse.
987 2425 1085 2500 Quam
1106 2427 1283 2484 sententiam

215 2537 239 2594 si
261 2537 405 2614 exemplis
430 2536 606 2616 probaturus
626 2558 666 2612 es,
681 2540 797 2616 aptiora
818 2538 946 2597 inveniri
971 2538 1023 2595 vix
1048 2544 1178 2615 possunt,
1193 2556 1282 2614 quam

214 2666 291 2725 quae
306 2666 386 2704 nunc
400 2646 490 2706 affere
505 2648 577 2706 mihi
592 2648 690 2706 liceat.
733 2648 818 2706 Dicit
837 2649 916 2706 enim
937 2647 1066 2725 Chryses
1085 2647 1148 2724 ipse
1165 2642 1188 2704 A
1204 2647 1281 2704 454:

365 2752 496 2838 τίμησας
511 2752 566 2838 μὲν
582 2754 646 2839 ἐμέ.

278 2869 343 2927 Nec
369 2866 496 2927 Calchas
522 2866 611 2924 aliam
636 2868 727 2945 pestis
752 2867 900 2925 immissae
926 2886 1045 2924 cerream
1070 2865 1189 2944 profert.
1234 2865 1280 2924 Of.

215 2975 298 3039 Aet
314 2999 368 3058 sqq

367 3084 433 3148 ἀλλ’
454 3083 528 3147 ἕνεκ’
549 3087 705 3170 ἀρητῆρος,
722 3085 754 3147 ὃν
771 3084 891 3169 ἠτίμησ
909 3082 1115 3172 Ἀγαμέμνων

369 3187 430 3257 οὐδ’
450 3194 584 3257 ἀπέλυσε
599 3193 737 3281 θύγατρα
752 3195 805 3256 καὶ
820 3194 875 3257 οὐκ
890 3186 1051 3273 ἀπεδέξατ’
1072 3193 1190 3272 ἄποινα,

366 3304 480 3368 τούνεκ’
500 3304 543 3390 ἀρ’
564 3304 646 3391 ἄλγε’
667 3297 780 3367 ἔδωκεν
796 3306 939 3384 ἑκηβόλος
954 3296 1000 3374 ἦθ’
1022 3308 1068 3366 ἔτι
1083 3297 1181 3367 δώσει.

279 3444 367 3502 Adde
383 3443 461 3523 quod
476 3442 610 3504 Achilles
625 3442 747 3502 Thetidi
763 3438 789 3502 A
808 3445 869 3502 380
884 3461 918 3521 aq
933 3441 1020 3499 dicit:

502 3586 570 3639 τοῖο
587 3574 752 3664 (γέροντος)
769 3568 794 3637 δ’
810 3575 977 3638 Ἀπόλλων

367 3677 534 3771 εὐξαμένου
548 3685 684 3759 ἤκουσεν,
701 3687 766 3748 ἐπεὶ
782 3684 867 3769 μάλα
884 3690 910 3747 οἱ
926 3683 1011 3768 ρίλυς
1027 3677 1088 3755 ἦεν.

281 3827 386 3905 Neque
401 3860 442 3868 —
458 3834 489 3884 ut
501 3825 538 3884 ad
552 3826 687 3904 captivos
703 3823 870 3902 redemptos
884 3821 1000 3880 redeam
1013 3855 1054 3863 —
1070 3821 1187 3880 silentio
1202 3841 1285 3900 prae·

216 3937 407 3995 termittonda
435 3943 502 3994 eunt
531 3934 760 3993 Andromachae
781 3932 884 3999 verba,
908 3950 984 4011 quae
1006 3927 1032 3990 Z
1055 3934 1115 3990 426
1144 3952 1177 4010 sq
1203 3933 1284 3991 inve·

217 4049 352 4105 rrimrtur:

1119 4139 1132 4177 a
