2994 4942
634 204 767 315 vaa

646 339 847 346 -.—.—.-..

212 439 279 498 dem
294 423 345 519 qui
361 439 399 498 ad
415 435 442 498 E
459 442 518 499 491
542 439 677 513 adnotat,
697 440 807 500 *foedus
830 441 908 499 inter
927 441 1020 499 socios
1042 440 1102 500 tale
1123 441 1226 514 fuisse,
1250 450 1283 498 ut

211 551 282 609 socii
297 550 508 610 modestissime
528 558 727 609 tractarentur
741 570 861 610 necesse
880 558 970 623 esset,
991 571 1109 629 prorsus
1129 552 1281 610 assentior.

211 659 278 733 Qua
292 660 413 722 tandem
428 659 545 734 fiducia,
567 681 626 739 qua
646 660 784 738 superbia
798 661 851 719 illa
866 660 1046 739 Sarpedonis
1062 661 1153 720 verba
1167 661 1283 739 prolata

211 779 288 843 sunt,
305 769 412 850 quibus
427 771 478 830 illc
495 772 657 831 Hectorem
673 791 829 848 aggressus
845 779 896 830 est.
928 765 974 848 Cf.
990 766 1018 830 E
1034 772 1096 831 490
1112 791 1166 850 sqq

366 879 413 940 σοὶ
428 868 463 940 δέ
476 878 533 963 χρὴ
549 870 626 940 τάδε
640 879 745 941 πάντα
760 881 863 965 μέλειν
879 877 990 951 νύκτας
1005 900 1040 941 τε
1055 878 1107 940 καὶ
1122 873 1203 964 ἦμαρ

367 989 475 1076 ἀρχοὺς
489 991 659 1073 λισσομένῳ
673 991 881 1060 τηλεκλειτῶν
898 987 1064 1073 ἐπικούρων

364 1101 526 1184 νωλεμέως
541 1101 658 1185 ἐχέμεν,
675 1099 821 1186 κρατερὴν
837 1091 863 1161 δ’
884 1096 1048 1161 ἀποθέσθαι
1063 1099 1175 1169 ἐνιπήν.

275 1237 361 1296 ldcm
374 1237 507 1316 Sarpcdo
519 1238 643 1297 Hectori
659 1238 715 1316 ipsi
730 1237 811 1310 dicit,
827 1237 948 1295 Troiam
964 1239 1049 1296 sociis
1064 1259 1124 1297 uon
1139 1237 1283 1296 adiuvan-

211 1347 290 1407 tibus
301 1347 422 1407 defendi
433 1369 493 1406 non
504 1367 598 1427 posse.
622 1346 746 1421 Quaerit
758 1348 837 1405 enim
848 1366 887 1406 ex
897 1348 1036 1421 Hectore,
1049 1369 1120 1406 num
1131 1350 1193 1427 ipse
1206 1349 1282 1407 solus
1352 1329 1356 1338 ⁶

213 1478 280 1516 cum
310 1457 492 1517 consobrinis
521 1478 556 1517 ac
585 1457 725 1519 fratribus
755 1457 858 1517 urbem
888 1457 1061 1518 defensurus
1091 1459 1136 1517 sit.
1182 1457 1228 1517 Of.
1258 1453 1283 1516 E

213 1570 275 1626 472
291 1588 345 1647 sqq

360 1673 489 1763 Ἕκτορ,
505 1681 548 1759 πῇ
564 1668 603 1746 δή
620 1699 669 1738 τοι
685 1679 773 1762 μένος
789 1677 913 1762 οἴχεται,
928 1675 944 1737 ὃ
960 1675 1029 1762 πρὶν
1045 1679 1177 1762 ἔχεσκες

364 1795 420 1872 φῆς
434 1808 491 1849 που
510 1785 582 1872 ἄτερ
597 1789 683 1848 λαῶν
699 1785 787 1848 πόλιν
803 1777 909 1872 ἑξέμεν
924 1776 972 1856 ἠδ’
992 1785 1159 1873 ἐπικούρων

365 1893 434 1977 οἶος,
450 1897 502 1959 σὺν
518 1898 681 1983 γαμβροῖσι
695 1895 906 1983 κασιγνήτοισί
919 1919 956 1959 τε
970 1907 1074 1961 σοῖσιν.

274 2043 380 2122 Neque
391 2042 586 2103 omittendum
598 2051 651 2116 est,
663 2042 810 2122 quomodo
821 2044 899 2102 inter
909 2043 1071 2104 Hectorem
1084 2050 1113 2102 et
1125 2042 1282 2116 Glaucum,

211 2152 372 2232 Lyciorum
386 2154 493 2213 ducem
514 2162 611 2212 actum
632 2155 683 2212 sit:
711 2155 748 2212 cf.
770 2147 795 2213 P
814 2156 873 2212 140
888 2174 950 2233 sqq.
996 2153 1045 2211 Ibi
1067 2155 1145 2212 enim
1169 2153 1283 2212 Hector

209 2284 263 2322 nos
279 2264 372 2337 docet,
387 2264 533 2343 quomodo
548 2266 619 2323 socii
633 2265 753 2323 tractati
768 2265 835 2337 sint,
855 2272 889 2322 ut
908 2283 1023 2342 semper
1043 2262 1128 2322 bonis
1144 2263 1281 2322 fortibus·

208 2394 267 2453 que
283 2376 389 2433 animis
404 2384 565 2434 uterentur.
597 2373 643 2433 Of.
660 2371 684 2432 P
701 2375 761 2433 225
780 2394 813 2452 sq

363 2483 405 2544 τὰ
420 2485 553 2568 φρονέων
570 2476 690 2566 δώροισι
706 2480 891 2567 κατατρύχω
907 2481 959 2544 καὶ
975 2473 1078 2563 ἐδωδῇ

362 2592 463 2670 λαούς,
479 2595 624 2678 ὑμέτερον
641 2587 675 2654 δὲ
691 2592 824 2654 ἑκάστου
839 2591 932 2678 θυμὸν
948 2589 1040 2672 ἀέξω.

275 2733 317 2790 Et
331 2732 410 2791 idem
421 2732 534 2790 Hector
549 2732 611 2809 ipsc
623 2732 775 2804 concessit,
790 2733 894 2810 quanti
906 2732 977 2790 socii
988 2731 1164 2791 aestimandi
1176 2738 1280 2789 essent.

210 2842 346 2921 Apparet
361 2845 448 2916 enim,
466 2842 611 2900 Troianos
633 2843 711 2919 ipsos
731 2861 790 2899 non
810 2849 965 2921 tantopere
984 2842 1126 2915 valuisse,
1147 2850 1180 2900 ut
1199 2848 1282 2899 tanto

210 2951 390 3011 Graecorum
406 2952 547 3012 exercitui
562 2970 615 3030 per
630 2951 732 3009 decem
755 2972 848 3010 annos
869 2953 1003 3011 resistere
1027 2961 1153 3030 possent.
1198 2951 1283 3026 Quae

211 3081 279 3119 oum
293 3064 416 3121 Troiani
432 3062 656 3135 intellexissent,
672 3063 764 3120 socios
780 3061 836 3121 sibi
851 3062 1065 3142 adiunxcrunt3
1080 3084 1205 3142 quorum
1220 3063 1283 3141 qui-

209 3171 277 3230 dem
294 3193 432 3232 numerus
448 3181 576 3251 quantus
595 3172 698 3243 fuerit,
719 3172 886 3232 luculenter
908 3194 961 3232 nos
982 3175 1034 3233 illa
1056 3174 1148 3233 verba
1168 3173 1282 3244 docent,

131 3346 134 3351 4
210 3302 287 3360 quae
302 3283 415 3341 Hector
431 3280 455 3341 P
472 3286 532 3341 220
552 3283 708 3361 protulisse
723 3290 874 3341 narratur:

362 3393 503 3468 κέκλυτε,
519 3390 610 3475 μυρία
625 3393 706 3476 φῦλα
721 3390 918 3473 περικτιόνων
934 3389 1108 3475 ἐπικούρων.

275 3528 457 3602 Quibuscum
472 3529 570 3589 verbis
584 3548 701 3608 prorsus
717 3537 897 3604 congruunt,
918 3530 1041 3607 quaein
1062 3531 1183 3588 navium
1199 3539 1277 3588 cata-

209 3639 277 3716 logo
293 3638 330 3698 de
345 3641 483 3699 Troianis
499 3658 658 3720 eorumque
679 3639 764 3696 sociis
784 3648 951 3698 narrantur.
996 3639 1123 3698 Accedit
1145 3639 1224 3718 quod
1245 3659 1283 3698 ex

209 3749 444 3826 Agamemnonis
459 3750 566 3824 verbis,
583 3769 659 3829 quac
671 3744 696 3807 B
713 3751 769 3808 129
787 3769 841 3828 sqq
852 3750 1053 3822 inveniuntur,
1066 3749 1168 3826 colligi
1178 3758 1284 3830 potest,

211 3860 373 3938 permultos
402 3860 495 3919 socios
524 3881 542 3918 a
569 3861 707 3919 Troianis
736 3880 799 3919 esse
829 3868 1030 3937 congregatos.
1082 3860 1183 3921 Verba
1212 3860 1231 3919 l.
1263 3860 1294 3918 l.·

212 3970 285 4029 haec
301 3981 382 4031 sunt:
