2994 4942
692 304 884 399 „30-

407 483 483 571 αἶψα
498 486 567 573 μάλ’
587 487 765 576 Αἰγυπτίων
781 482 900 575 ἀνδρῶν
916 490 1116 573 περικαλλέας
1130 492 1241 579 ἀγρούς

405 597 539 683 πόρθεον,
555 599 591 661 ἐκ
606 591 640 661 δὲ
655 609 800 685 γυναῖκας
816 600 892 688 ἄγον
908 599 960 662 καὶ
975 599 1069 670 νήπια
1082 600 1180 664 τέκνα

407 707 557 781 aaron&
578 711 723 772 ἔκτεινον·

318 821 369 880 Ex
382 821 428 881 his
443 829 542 880 autem
557 821 692 881 versibus
712 829 846 901 apparet,
865 823 945 882 viros
959 822 1032 882 urbe
1047 830 1221 902 expugnata
1241 843 1327 884 neca·

254 940 308 1007 tos,
323 931 449 991 feminas
465 939 565 990 autem
580 940 681 1010 captas
696 951 766 992 esse.
811 932 889 992 Illas
909 941 1009 993 autem
1032 934 1160 994 feminae
1175 941 1280 1012 captas
1295 935 1327 994 in

255 1043 426 1103 servitutem
440 1039 578 1100 redactae
594 1049 678 1101 sunt:
701 1043 784 1101 cuins
804 1043 848 1111 rei
869 1036 1045 1103 documento
1060 1045 1120 1103 sint
1134 1042 1235 1117 verba,
1252 1063 1328 1122 quae

258 1147 284 1211 Σ
300 1154 339 1211 28
356 1171 391 1230 sq
404 1151 561 1228 leguntur:

312 1323 316 1329 Δ
407 1250 510 1343 δμωαὶ
525 1249 550 1318 δ’
556 1305 564 1335 ,
580 1256 616 1331 ἅς
627 1254 767 1343 Ἀχιλεὺς
780 1258 930 1331 ληίσσατο
946 1257 1129 1345 Πάτροκλός
1142 1281 1187 1336 τε,

407 1362 501 1451 θυμὸν
518 1365 705 1452 ἀκηχέμεναι
720 1365 826 1455 μεγάλ’
846 1371 931 1455 ἴαχον
947 1372 1016 1434 κτλ.

321 1480 397 1540 Cum
411 1479 502 1555 igitur
516 1478 573 1538 hae
593 1488 691 1539 essent
711 1499 817 1540 causae
839 1481 984 1541 bellorum
1004 1481 1202 1559 gerendorum
1215 1517 1255 1526 -
1272 1503 1328 1542 nec

255 1592 371 1652 silentio
386 1591 627 1669 praetermittam,
649 1590 761 1650 bellum
777 1591 856 1671 quod
879 1591 987 1651 dicitur
1001 1592 1164 1651 Troianum
1187 1592 1225 1651 ob
1245 1592 1328 1651 femi-

255 1723 326 1761 nam
340 1708 457 1780 raptam
471 1707 588 1777 gestum
612 1720 674 1761 esse
694 1734 736 1743 —
755 1723 816 1760 non
837 1701 1010 1762 incredibile
1032 1721 1096 1761 esse
1114 1701 1241 1776 videtur,
1263 1711 1327 1762 tum

257 1812 338 1873 bella
353 1811 557 1870 cruentissima
571 1811 661 1870 fuisse
677 1811 833 1890 omniaque
848 1813 976 1890 vestigia
989 1812 1061 1871 iuris
1081 1813 1215 1889 gentium
1230 1811 1328 1872 deleta

258 1941 331 1982 esse.
375 1920 436 1981 Sed
451 1941 517 1980 cum
537 1940 583 1980 res
604 1922 769 1980 accuratius
791 1917 1032 2000 contemplemur,
1052 1921 1242 1981 manifestum
1264 1923 1329 1992 erit,

258 2033 317 2091 iam
332 2038 394 2090 tum
410 2032 543 2090 homines
557 2030 725 2090 hominibus
740 2032 769 2088 in
785 2032 850 2110 ipsa
864 2033 928 2091 acie
942 2032 1122 2111 pepercisse:
1145 2032 1228 2090 cuius
1239 2033 1327 2090 moris

259 2142 396 2221 exempla
415 2142 510 2200 multa
531 2142 562 2199 in
588 2140 768 2200 carminibus
793 2141 949 2201 homericis
974 2143 1175 2201 inveniuntur.
1223 2143 1330 2222 Neque

259 2254 337 2311 enim
352 2252 447 2311 solum
461 2271 542 2311 more
556 2259 706 2330 receptum
723 2258 794 2325 erat,
815 2260 849 2311 ut
871 2252 979 2311 milites
998 2252 1061 2310 vivi
1084 2259 1259 2331 caperentur
1277 2252 1329 2311 sed

259 2363 349 2422 etiam
376 2362 598 2422 interfectorum
629 2382 751 2440 corpora
780 2361 820 2420 ad
848 2361 1052 2441 sepeliendum
1080 2362 1208 2441 pecunia
1233 2363 1329 2421 soluta

258 2474 377 2534 reddita
390 2481 467 2532 sunt.
511 2471 596 2546 Quae
610 2472 730 2552 quidem
746 2473 893 2532 sententia
908 2492 997 2550 quam
1011 2491 1083 2531 vera
1097 2473 1135 2531 sit
1157 2471 1238 2531 haud
1253 2471 1330 2530 diffi-

258 2584 315 2642 cile
336 2590 381 2641 est
405 2581 615 2641 demonstratu.
664 2582 711 2641 Ac
738 2583 865 2662 primum
887 2582 1008 2661 quidem
1031 2582 1133 2640 multis
1158 2583 1230 2641 locis
1253 2583 1331 2641 servi

259 2698 531 2764 commemorantur,
546 2692 597 2769 qui
611 2691 690 2752 bello
705 2695 785 2772 capti
801 2701 877 2752 sunt.
908 2691 1007 2766 Quam
1021 2711 1083 2750 rem
1098 2689 1225 2750 Achillis
1240 2691 1332 2752 verba

259 2809 413 2876 testantur,
430 2819 506 2880 quae
522 2795 554 2859 Φ
573 2803 633 2861 102
649 2803 801 2880 leguntur:

412 2908 465 2970 καὶ
479 2905 611 2983 πολλοὺς
626 2901 721 2984 ζωοὺς
735 2909 805 2972 ἕλον
820 2901 866 2980 ἠδ’
887 2908 1049 2994 ἐπέρασσα.

324 3022 414 3082 Adde
429 3021 509 3101 quod
524 3022 651 3082 Hecuba
666 3023 703 3083 ds
718 3023 837 3082 Achille
852 3021 925 3079 dicit
940 3017 974 3080 Ω
992 3023 1051 3081 751
1064 3043 1099 3101 sq

413 3129 527 3203 ἄλλους
541 3129 597 3215 μὲν
613 3132 670 3218 γὰρ
686 3124 799 3204 παῖδας
814 3125 904 3215 ἐμοὺς
918 3121 1016 3202 πόδας
1030 3127 1110 3202 ὠκὺς
1121 3127 1282 3215 Ἀχιλλεύς

413 3238 565 3327 πέρνασχ’,
581 3241 683 3303 ὅντιν’
703 3239 816 3304 ἕλεσκε.

326 3352 392 3412 Nec
427 3372 498 3412 vero
533 3356 702 3413 omittamus
730 3355 762 3411 in
796 3349 975 3412 carminibus
1004 3350 1158 3410 homericis
1186 3372 1333 3431 nusquam

263 3453 374 3522 δοῦλον
390 3440 586 3523 σεννιιῐπᾱὶσί
606 3463 658 3523 sed
680 3456 796 3542 semper
820 3452 904 3543 δμῶς
927 3479 1032 3521 vocem
1057 3463 1206 3541 usurpari:
1240 3453 1331 3531 δούλη

264 3580 363 3632 autem
375 3593 435 3632 vox
455 3574 544 3633 etiam
565 3575 597 3633 in
621 3572 800 3634 carminibus
821 3572 977 3632 homericis
999 3571 1116 3649 legitur.
1168 3573 1191 3632 J
1193 3592 1240 3630 am
1263 3591 1333 3631 vero

264 3702 331 3740 cum
346 3691 469 3758 constet,
485 3672 568 3766 δμῶς
582 3702 684 3742 vocem
699 3682 738 3742 ab
755 3682 859 3742 eadem
877 3681 977 3743 radice
997 3671 1060 3764 δαρ.
1075 3682 1217 3758 originem
1232 3692 1333 3760 petere

264 3813 323 3872 qua
338 3782 450 3875 δαμάω
471 3791 595 3853 verbum
617 3793 767 3854 derivatur
791 3789 840 3870 (cf.
859 3791 1004 3865 Celemna,
1022 3789 1205 3869 Grundzflge
1220 3789 1273 3851 der
1288 3813 1332 3869 gr.

265 3904 368 3983 Etym.
384 3925 413 3983 p.
432 3905 503 3978 218,
520 3899 838 3984 Buuossnnsonunrz‚
854 3903 954 3964 Besitz
973 3900 1035 3961 und
1050 3900 1174 3962 Erwcrb
1198 3922 1227 3981 p.
1257 3901 1332 3978 104)

267 3999 350 4093 δμῶς
364 4034 423 4072 vox
438 4013 526 4074 aliter
540 4000 634 4092 accipi
649 4035 709 4073 non
731 4020 837 4093 potest,
852 4013 910 4072 nisi
931 4013 974 4070 ita
988 4019 1022 4072 ut
1044 4011 1156 4072 victum
1178 4010 1332 4088 significet.
