<?xml version="1.0" encoding="UTF-8"?>
<!DOCTYPE html PUBLIC "-//W3C//DTD XHTML 1.0 Transitional//EN"
    "http://www.w3.org/TR/xhtml1/DTD/xhtml1-transitional.dtd">
<html xmlns="http://www.w3.org/1999/xhtml" xml:lang="en" lang="en">
 <head>
  <title>
</title>
<meta http-equiv="Content-Type" content="text/html;charset=utf-8" />
  <meta name='ocr-system' content='tesseract 3.04.00' />
  <meta name='ocr-capabilities' content='ocr_page ocr_carea ocr_par ocr_line ocrx_word'/>
</head>
<body>
  <div class='ocr_page' id='page_1' title='image "./devestigiisiuri01sorggoog_0041.png"; bbox 0 0 2994 4942; ppageno 0'>
   <div class='ocr_carea' id='block_1_1' title="bbox 787 324 830 387">
    <p class='ocr_par' dir='ltr' id='par_1_1' title="bbox 787 324 830 387">
     <span class='ocr_line' id='line_1_1' title="bbox 787 324 830 387; baseline 0.023 -1"><span class='ocrx_word' id='word_1_1' title='bbox 787 324 830 387; x_wconf 88' lang='grc'>40</span> 
     </span>
    </p>
   </div>
   <div class='ocr_carea' id='block_1_2' title="bbox 274 509 1422 2467">
    <p class='ocr_par' dir='ltr' id='par_1_2' title="bbox 274 509 1422 2467">
     <span class='ocr_line' id='line_1_2' title="bbox 274 509 1344 593; baseline 0.005 -24"><span class='ocrx_word' id='word_1_2' title='bbox 274 519 403 570; x_wconf 61' lang='lat' dir='ltr'>carent.=</span> <span class='ocrx_word' id='word_1_3' title='bbox 429 513 520 572; x_wconf 90' lang='lat' dir='ltr'>Velut</span> <span class='ocrx_word' id='word_1_4' title='bbox 542 514 573 570; x_wconf 92' lang='lat' dir='ltr'>in</span> <span class='ocrx_word' id='word_1_5' title='bbox 597 512 694 570; x_wconf 86' lang='lat' dir='ltr'>media</span> <span class='ocrx_word' id='word_1_6' title='bbox 718 514 781 571; x_wconf 87' lang='lat' dir='ltr'>acie</span> <span class='ocrx_word' id='word_1_7' title='bbox 805 509 838 572; x_wconf 88' lang='grc' dir='ltr'>Μ</span> <span class='ocrx_word' id='word_1_8' title='bbox 861 515 922 572; x_wconf 75' lang='grc'>343</span> <span class='ocrx_word' id='word_1_9' title='bbox 945 533 980 591; x_wconf 92' lang='lat' dir='ltr'>sq</span> <span class='ocrx_word' id='word_1_10' title='bbox 998 513 1144 572; x_wconf 83' lang='lat' dir='ltr'>Thootam</span> <span class='ocrx_word' id='word_1_11' title='bbox 1167 535 1344 593; x_wconf 80' lang='lat' dir='ltr'>praeconem</span> 
     </span>
     <span class='ocr_line' id='line_1_3' title="bbox 274 620 1335 708; baseline 0.005 -29"><span class='ocrx_word' id='word_1_12' title='bbox 274 620 383 682; x_wconf 84' lang='lat' dir='ltr'><strong>Aiaces</strong></span> <span class='ocrx_word' id='word_1_13' title='bbox 398 623 576 682; x_wconf 85' lang='lat' dir='ltr'>advocatum</span> <span class='ocrx_word' id='word_1_14' title='bbox 591 623 781 682; x_wconf 81' lang='lat' dir='ltr'>Menestheus</span> <span class='ocrx_word' id='word_1_15' title='bbox 795 624 883 695; x_wconf 80' lang='lat' dir='ltr'><strong>misit,</strong></span> <span class='ocrx_word' id='word_1_16' title='bbox 898 622 944 681; x_wconf 92' lang='lat' dir='ltr'>his</span> <span class='ocrx_word' id='word_1_17' title='bbox 959 622 1057 682; x_wconf 86' lang='lat' dir='ltr'>verbis</span> <span class='ocrx_word' id='word_1_18' title='bbox 1071 643 1138 682; x_wconf 90' lang='lat' dir='ltr'>eum</span> <span class='ocrx_word' id='word_1_19' title='bbox 1153 625 1335 708; x_wconf 75' lang='lat' dir='ltr'>alloquenst&#39;</span> 
     </span>
     <span class='ocr_line' id='line_1_4' title="bbox 350 722 1131 816; baseline 0.001 -24"><span class='ocrx_word' id='word_1_20' title='bbox 350 749 351 752; x_wconf 72' lang='grc'>’</span> <span class='ocrx_word' id='word_1_21' title='bbox 428 733 521 816; x_wconf 87' lang='grc' dir='ltr'>ἔρχεο,</span> <span class='ocrx_word' id='word_1_22' title='bbox 537 722 582 792; x_wconf 76' lang='grc' dir='ltr'>δῖε</span> <span class='ocrx_word' id='word_1_23' title='bbox 599 730 727 807; x_wconf 83' lang='grc' dir='ltr'>Θοῶτα,</span> <span class='ocrx_word' id='word_1_24' title='bbox 745 726 821 791; x_wconf 82' lang='grc' dir='ltr'>θέων</span> <span class='ocrx_word' id='word_1_25' title='bbox 838 728 958 792; x_wconf 77' lang='grc' dir='ltr'>Αἴαντα</span> <span class='ocrx_word' id='word_1_26' title='bbox 972 729 1131 812; x_wconf 80' lang='grc' dir='ltr'>κάλεσσον,</span> 
     </span>
     <span class='ocr_line' id='line_1_5' title="bbox 428 838 1317 929; baseline 0.007 -27"><span class='ocrx_word' id='word_1_27' title='bbox 428 840 591 927; x_wconf 78' lang='grc' dir='ltr'>ἀμφοτέρω</span> <span class='ocrx_word' id='word_1_28' title='bbox 608 838 662 924; x_wconf 83' lang='grc' dir='ltr'>μὲν</span> <span class='ocrx_word' id='word_1_29' title='bbox 678 841 807 925; x_wconf 77' lang='grc' dir='ltr'>μᾶλλον·</span> <span class='ocrx_word' id='word_1_30' title='bbox 823 839 839 899; x_wconf 84' lang='grc' dir='ltr'><em>ὃ</em></span> <span class='ocrx_word' id='word_1_31' title='bbox 854 840 910 926; x_wconf 81' lang='grc' dir='ltr'>γάρ</span> <span class='ocrx_word' id='word_1_32' title='bbox 927 840 951 902; x_wconf 85' lang='grc' dir='ltr'>κ’</span> <span class='ocrx_word' id='word_1_33' title='bbox 968 839 1009 929; x_wconf 81' lang='grc' dir='ltr'>ὄχ’</span> <span class='ocrx_word' id='word_1_34' title='bbox 1027 841 1148 926; x_wconf 83' lang='grc' dir='ltr'>ἄριστον</span> <span class='ocrx_word' id='word_1_35' title='bbox 1160 841 1317 908; x_wconf 77' lang='grc' dir='ltr'>ἁπάντων.</span> 
     </span>
     <span class='ocr_line' id='line_1_6' title="bbox 338 952 1347 1031; baseline 0.004 -20"><span class='ocrx_word' id='word_1_36' title='bbox 338 952 397 1027; x_wconf 78' lang='lat' dir='ltr'>Qui</span> <span class='ocrx_word' id='word_1_37' title='bbox 413 953 532 1031; x_wconf 85' lang='lat' dir='ltr'>quidem</span> <span class='ocrx_word' id='word_1_38' title='bbox 551 973 658 1031; x_wconf 84' lang='lat' dir='ltr'>praeco</span> <span class='ocrx_word' id='word_1_39' title='bbox 673 953 771 1010; x_wconf 85' lang='lat' dir='ltr'>statim</span> <span class='ocrx_word' id='word_1_40' title='bbox 787 952 895 1011; x_wconf 82' lang='lat' dir='ltr'>Aiaces</span> <span class='ocrx_word' id='word_1_41' title='bbox 915 972 1061 1014; x_wconf 80' lang='lat' dir='ltr'>arcessere</span> <span class='ocrx_word' id='word_1_42' title='bbox 1081 956 1241 1015; x_wconf 85' lang='lat' dir='ltr'>festinavit.</span> <span class='ocrx_word' id='word_1_43' title='bbox 1286 957 1347 1015; x_wconf 91' lang='lat' dir='ltr'>Hic</span> 
     </span>
     <span class='ocr_line' id='line_1_7' title="bbox 274 1062 1344 1144; baseline 0.004 -23"><span class='ocrx_word' id='word_1_44' title='bbox 274 1084 334 1122; x_wconf 93' lang='lat' dir='ltr'>uno</span> <span class='ocrx_word' id='word_1_45' title='bbox 364 1073 442 1123; x_wconf 90' lang='lat' dir='ltr'>certe</span> <span class='ocrx_word' id='word_1_46' title='bbox 469 1063 560 1123; x_wconf 88' lang='lat' dir='ltr'>verbo</span> <span class='ocrx_word' id='word_1_47' title='bbox 590 1081 816 1120; x_wconf 88' lang='lat' dir='ltr'>commemorare</span> <span class='ocrx_word' id='word_1_48' title='bbox 846 1062 947 1137; x_wconf 87' lang='lat' dir='ltr'>liceat,</span> <span class='ocrx_word' id='word_1_49' title='bbox 983 1085 1158 1143; x_wconf 86' lang='lat' dir='ltr'>praeconem</span> <span class='ocrx_word' id='word_1_50' title='bbox 1192 1075 1344 1144; x_wconf 88' lang='lat' dir='ltr'>tamquam</span> 
     </span>
     <span class='ocr_line' id='line_1_8' title="bbox 275 1172 1345 1253; baseline 0.003 -21"><span class='ocrx_word' id='word_1_51' title='bbox 275 1174 416 1232; x_wconf 74' lang='lat' dir='ltr'>adiutoria</span> <span class='ocrx_word' id='word_1_52' title='bbox 441 1194 529 1253; x_wconf 89' lang='lat' dir='ltr'>quem</span> <span class='ocrx_word' id='word_1_53' title='bbox 554 1172 657 1230; x_wconf 88' lang='lat' dir='ltr'>dicunt</span> <span class='ocrx_word' id='word_1_54' title='bbox 683 1173 838 1230; x_wconf 88' lang='lat' dir='ltr'>castrensis</span> <span class='ocrx_word' id='word_1_55' title='bbox 860 1194 980 1233; x_wconf 92' lang='lat' dir='ltr'>munere</span> <span class='ocrx_word' id='word_1_56' title='bbox 1002 1176 1138 1234; x_wconf 88' lang='lat' dir='ltr'>functum</span> <span class='ocrx_word' id='word_1_57' title='bbox 1164 1194 1235 1235; x_wconf 89' lang='lat' dir='ltr'>esse.</span> <span class='ocrx_word' id='word_1_58' title='bbox 1280 1177 1345 1235; x_wconf 89' lang='lat' dir='ltr'>Nec</span> 
     </span>
     <span class='ocr_line' id='line_1_9' title="bbox 274 1283 1345 1364; baseline 0.003 -23"><span class='ocrx_word' id='word_1_59' title='bbox 274 1283 445 1360; x_wconf 83' lang='lat' dir='ltr'>negandum</span> <span class='ocrx_word' id='word_1_60' title='bbox 468 1291 519 1355; x_wconf 88' lang='lat' dir='ltr'>est,</span> <span class='ocrx_word' id='word_1_61' title='bbox 536 1303 603 1341; x_wconf 92' lang='lat' dir='ltr'>eum</span> <span class='ocrx_word' id='word_1_62' title='bbox 626 1283 719 1340; x_wconf 90' lang='lat' dir='ltr'>multo</span> <span class='ocrx_word' id='word_1_63' title='bbox 734 1283 843 1340; x_wconf 89' lang='lat' dir='ltr'>maiore</span> <span class='ocrx_word' id='word_1_64' title='bbox 859 1285 1032 1344; x_wconf 88' lang='lat' dir='ltr'>auctoritate</span> <span class='ocrx_word' id='word_1_65' title='bbox 1054 1306 1139 1344; x_wconf 90' lang='lat' dir='ltr'>usum</span> <span class='ocrx_word' id='word_1_66' title='bbox 1165 1305 1229 1344; x_wconf 89' lang='lat' dir='ltr'>esse</span> <span class='ocrx_word' id='word_1_67' title='bbox 1255 1306 1345 1364; x_wconf 91' lang='lat' dir='ltr'>quam</span> 
     </span>
     <span class='ocr_line' id='line_1_10' title="bbox 274 1392 1345 1472; baseline 0.003 -21"><span class='ocrx_word' id='word_1_68' title='bbox 274 1394 361 1451; x_wconf 85' lang='lat' dir='ltr'>alios:</span> <span class='ocrx_word' id='word_1_69' title='bbox 384 1413 480 1472; x_wconf 88' lang='lat' dir='ltr'>neque</span> <span class='ocrx_word' id='word_1_70' title='bbox 502 1394 581 1451; x_wconf 90' lang='lat' dir='ltr'>enim</span> <span class='ocrx_word' id='word_1_71' title='bbox 602 1393 687 1450; x_wconf 86' lang='lat' dir='ltr'>aliter</span> <span class='ocrx_word' id='word_1_72' title='bbox 708 1392 852 1470; x_wconf 88' lang='lat' dir='ltr'>explicari</span> <span class='ocrx_word' id='word_1_73' title='bbox 872 1401 976 1471; x_wconf 83' lang='lat' dir='ltr'>potest,</span> <span class='ocrx_word' id='word_1_74' title='bbox 998 1394 1144 1472; x_wconf 87' lang='lat' dir='ltr'>quomodo</span> <span class='ocrx_word' id='word_1_75' title='bbox 1164 1396 1276 1454; x_wconf 86' lang='lat' dir='ltr'>factum</span> <span class='ocrx_word' id='word_1_76' title='bbox 1299 1398 1345 1467; x_wconf 89' lang='lat' dir='ltr'>sit,</span> 
     </span>
     <span class='ocr_line' id='line_1_11' title="bbox 278 1495 1345 1583; baseline 0.004 -21"><span class='ocrx_word' id='word_1_77' title='bbox 278 1513 309 1561; x_wconf 92' lang='lat' dir='ltr'>ut</span> <span class='ocrx_word' id='word_1_78' title='bbox 324 1524 430 1582; x_wconf 84' lang='lat' dir='ltr'>praeco</span> <span class='ocrx_word' id='word_1_79' title='bbox 453 1503 551 1562; x_wconf 85' lang='lat' dir='ltr'>media</span> <span class='ocrx_word' id='word_1_80' title='bbox 570 1523 672 1581; x_wconf 86' lang='lat' dir='ltr'>pugna</span> <span class='ocrx_word' id='word_1_81' title='bbox 694 1500 732 1559; x_wconf 86' lang='lat' dir='ltr'>ab</span> <span class='ocrx_word' id='word_1_82' title='bbox 758 1502 850 1561; x_wconf 86' lang='lat' dir='ltr'>altero</span> <span class='ocrx_word' id='word_1_83' title='bbox 875 1502 940 1560; x_wconf 92' lang='lat' dir='ltr'>loco</span> <span class='ocrx_word' id='word_1_84' title='bbox 965 1502 1004 1561; x_wconf 85' lang='lat' dir='ltr'>ad</span> <span class='ocrx_word' id='word_1_85' title='bbox 1030 1505 1154 1564; x_wconf 87' lang='lat' dir='ltr'>alterum</span> <span class='ocrx_word' id='word_1_86' title='bbox 1169 1495 1345 1583; x_wconf 69' lang='lat' dir='ltr'>perueniret.</span> 
     </span>
     <span class='ocr_line' id='line_1_12' title="bbox 275 1613 1345 1695; baseline 0.005 -26"><span class='ocrx_word' id='word_1_87' title='bbox 275 1613 404 1673; x_wconf 81' lang='lat' dir='ltr'>Omnino</span> <span class='ocrx_word' id='word_1_88' title='bbox 419 1633 580 1693; x_wconf 86' lang='lat' dir='ltr'>praecones</span> <span class='ocrx_word' id='word_1_89' title='bbox 595 1633 654 1670; x_wconf 89' lang='lat' dir='ltr'>non</span> <span class='ocrx_word' id='word_1_90' title='bbox 669 1620 732 1670; x_wconf 93' lang='lat' dir='ltr'>tam</span> <span class='ocrx_word' id='word_1_91' title='bbox 753 1613 879 1669; x_wconf 88' lang='lat' dir='ltr'>ministri</span> <span class='ocrx_word' id='word_1_92' title='bbox 899 1633 988 1692; x_wconf 85' lang='lat' dir='ltr'>quam</span> <span class='ocrx_word' id='word_1_93' title='bbox 1009 1614 1157 1674; x_wconf 88' lang='lat' dir='ltr'>adiutores</span> <span class='ocrx_word' id='word_1_94' title='bbox 1177 1617 1345 1695; x_wconf 88' lang='lat' dir='ltr'>principum</span> 
     </span>
     <span class='ocr_line' id='line_1_13' title="bbox 275 1721 1422 1804; baseline 0.003 -22"><span class='ocrx_word' id='word_1_95' title='bbox 275 1725 365 1783; x_wconf 82' lang='lat' dir='ltr'>fuisse</span> <span class='ocrx_word' id='word_1_96' title='bbox 380 1726 451 1783; x_wconf 90' lang='lat' dir='ltr'>mihi</span> <span class='ocrx_word' id='word_1_97' title='bbox 466 1724 613 1782; x_wconf 89' lang='lat' dir='ltr'>videntur.</span> <span class='ocrx_word' id='word_1_98' title='bbox 659 1721 757 1796; x_wconf 78' lang='lat' dir='ltr'>Quam</span> <span class='ocrx_word' id='word_1_99' title='bbox 772 1721 891 1801; x_wconf 89' lang='lat' dir='ltr'>quidem</span> <span class='ocrx_word' id='word_1_100' title='bbox 912 1726 1088 1783; x_wconf 83' lang='lat' dir='ltr'>sententiam</span> <span class='ocrx_word' id='word_1_101' title='bbox 1109 1746 1168 1784; x_wconf 93' lang='lat' dir='ltr'>non</span> <span class='ocrx_word' id='word_1_102' title='bbox 1185 1746 1219 1784; x_wconf 89' lang='lat' dir='ltr'>eo</span> <span class='ocrx_word' id='word_1_103' title='bbox 1241 1729 1344 1804; x_wconf 83' lang='lat' dir='ltr'>negari</span> <span class='ocrx_word' id='word_1_104' title='bbox 1416 1784 1422 1794; x_wconf 84' lang='grc'>,</span> 
     </span>
     <span class='ocr_line' id='line_1_14' title="bbox 275 1832 1345 1912; baseline 0.004 -21"><span class='ocrx_word' id='word_1_105' title='bbox 275 1854 388 1907; x_wconf 84' lang='lat' dir='ltr'>censeo,</span> <span class='ocrx_word' id='word_1_106' title='bbox 404 1834 483 1912; x_wconf 86' lang='lat' dir='ltr'>quod</span> <span class='ocrx_word' id='word_1_107' title='bbox 499 1855 516 1892; x_wconf 88' lang='lat' dir='ltr'>a</span> <span class='ocrx_word' id='word_1_108' title='bbox 529 1832 710 1912; x_wconf 88' lang='lat' dir='ltr'>principibus</span> <span class='ocrx_word' id='word_1_109' title='bbox 721 1851 880 1910; x_wconf 87' lang='lat' dir='ltr'>praecones</span> <span class='ocrx_word' id='word_1_110' title='bbox 895 1834 975 1892; x_wconf 91' lang='lat' dir='ltr'>missi</span> <span class='ocrx_word' id='word_1_111' title='bbox 992 1843 1068 1909; x_wconf 89' lang='lat' dir='ltr'>sunt,</span> <span class='ocrx_word' id='word_1_112' title='bbox 1081 1856 1148 1893; x_wconf 91' lang='lat' dir='ltr'>cum</span> <span class='ocrx_word' id='word_1_113' title='bbox 1164 1837 1253 1894; x_wconf 90' lang='lat' dir='ltr'>etiam</span> <span class='ocrx_word' id='word_1_114' title='bbox 1270 1837 1345 1895; x_wconf 91' lang='lat' dir='ltr'>alius</span> 
     </span>
     <span class='ocr_line' id='line_1_15' title="bbox 274 1942 1344 2024; baseline 0.002 -22"><span class='ocrx_word' id='word_1_115' title='bbox 274 1946 340 2023; x_wconf 92' lang='lat' dir='ltr'>quis</span> <span class='ocrx_word' id='word_1_116' title='bbox 363 1945 439 2003; x_wconf 87' lang='lat' dir='ltr'>mitti</span> <span class='ocrx_word' id='word_1_117' title='bbox 465 1944 616 2022; x_wconf 89' lang='lat' dir='ltr'>potuisset.</span> <span class='ocrx_word' id='word_1_118' title='bbox 661 1943 753 2003; x_wconf 93' lang='lat' dir='ltr'>Velut</span> <span class='ocrx_word' id='word_1_119' title='bbox 774 1945 892 2003; x_wconf 86' lang='lat' dir='ltr'>Alcinoi</span> <span class='ocrx_word' id='word_1_120' title='bbox 918 1945 999 2003; x_wconf 91' lang='lat' dir='ltr'>iussu</span> <span class='ocrx_word' id='word_1_121' title='bbox 1022 1942 1093 2004; x_wconf 78' lang='lat'>047</span> <span class='ocrx_word' id='word_1_122' title='bbox 1117 1966 1223 2024; x_wconf 87' lang='lat' dir='ltr'>praeco</span> <span class='ocrx_word' id='word_1_123' title='bbox 1245 1955 1344 2006; x_wconf 86' lang='lat' dir='ltr'>vatem</span> 
     </span>
     <span class='ocr_line' id='line_1_16' title="bbox 274 2056 428 2113; baseline 0.006 -1"><span class='ocrx_word' id='word_1_124' title='bbox 274 2056 428 2113; x_wconf 89' lang='lat' dir='ltr'>arcessivit</span> 
     </span>
     <span class='ocr_line' id='line_1_17' title="bbox 427 2155 1094 2248; baseline 0 -24"><span class='ocrx_word' id='word_1_125' title='bbox 427 2160 521 2246; x_wconf 74' lang='grc' dir='ltr'>κῆρυξ</span> <span class='ocrx_word' id='word_1_126' title='bbox 536 2155 570 2224; x_wconf 68' lang='grc' dir='ltr'>δὲ</span> <span class='ocrx_word' id='word_1_127' title='bbox 587 2162 743 2248; x_wconf 77' lang='grc' dir='ltr'>μετῴχετο</span> <span class='ocrx_word' id='word_1_128' title='bbox 758 2163 836 2225; x_wconf 84' lang='grc' dir='ltr'>θεῖον</span> <span class='ocrx_word' id='word_1_129' title='bbox 853 2156 965 2227; x_wconf 78' lang='grc' dir='ltr'>ἀοιδόν.</span> <span class='ocrx_word' id='word_1_130' title='bbox 1092 2244 1094 2248; x_wconf 20' lang='lat'><strong><em>¹</em></strong></span> 
     </span>
     <span class='ocr_line' id='line_1_18' title="bbox 338 2277 1344 2337; baseline 0.001 -3"><span class='ocrx_word' id='word_1_131' title='bbox 338 2277 429 2334; x_wconf 90' lang='lat' dir='ltr'>Porro</span> <span class='ocrx_word' id='word_1_132' title='bbox 455 2297 522 2334; x_wconf 92' lang='lat' dir='ltr'>cum</span> <span class='ocrx_word' id='word_1_133' title='bbox 545 2277 741 2335; x_wconf 88' lang='lat' dir='ltr'>Telemachus</span> <span class='ocrx_word' id='word_1_134' title='bbox 767 2277 902 2334; x_wconf 87' lang='lat' dir='ltr'>Ithacam</span> <span class='ocrx_word' id='word_1_135' title='bbox 929 2296 1062 2335; x_wconf 88' lang='lat' dir='ltr'>reversus</span> <span class='ocrx_word' id='word_1_136' title='bbox 1089 2278 1175 2335; x_wconf 88' lang='lat' dir='ltr'>matri</span> <span class='ocrx_word' id='word_1_137' title='bbox 1202 2278 1344 2337; x_wconf 90' lang='lat' dir='ltr'>nuncium</span> 
     </span>
     <span class='ocr_line' id='line_1_19' title="bbox 275 2386 1284 2467; baseline 0 -21"><span class='ocrx_word' id='word_1_138' title='bbox 275 2390 414 2446; x_wconf 87' lang='lat' dir='ltr'>missurus</span> <span class='ocrx_word' id='word_1_139' title='bbox 430 2394 515 2457; x_wconf 84' lang='lat' dir='ltr'>esset,</span> <span class='ocrx_word' id='word_1_140' title='bbox 530 2407 636 2464; x_wconf 87' lang='lat' dir='ltr'>praeco</span> <span class='ocrx_word' id='word_1_141' title='bbox 652 2387 819 2465; x_wconf 90' lang='lat' dir='ltr'>Penelopae</span> <span class='ocrx_word' id='word_1_142' title='bbox 835 2407 901 2445; x_wconf 92' lang='lat' dir='ltr'>eum</span> <span class='ocrx_word' id='word_1_143' title='bbox 918 2388 1026 2446; x_wconf 88' lang='lat' dir='ltr'>attulit.</span> <span class='ocrx_word' id='word_1_144' title='bbox 1072 2386 1117 2446; x_wconf 81' lang='lat' dir='ltr'>cf.</span> <span class='ocrx_word' id='word_1_145' title='bbox 1134 2407 1157 2447; x_wconf 87' lang='grc' dir='ltr'>π</span> <span class='ocrx_word' id='word_1_146' title='bbox 1173 2390 1234 2446; x_wconf 78' lang='grc'>328</span> <span class='ocrx_word' id='word_1_147' title='bbox 1250 2408 1284 2467; x_wconf 89' lang='lat' dir='ltr'>sq</span> 
     </span>
    </p>
   </div>
   <div class='ocr_carea' id='block_1_3' title="bbox 427 2484 1147 2580">
    <p class='ocr_par' dir='ltr' id='par_1_3' title="bbox 427 2484 1147 2580">
     <span class='ocr_line' id='line_1_20' title="bbox 427 2484 1147 2580; baseline 0.003 -24"><span class='ocrx_word' id='word_1_148' title='bbox 427 2491 524 2579; x_wconf 77' lang='grc' dir='ltr'>αὐτὰρ</span> <span class='ocrx_word' id='word_1_149' title='bbox 540 2493 657 2579; x_wconf 71' lang='grc' dir='ltr'>κήρυκα</span> <span class='ocrx_word' id='word_1_150' title='bbox 671 2493 801 2580; x_wconf 83' lang='grc' dir='ltr'>πρόεσαν</span> <span class='ocrx_word' id='word_1_151' title='bbox 818 2487 912 2578; x_wconf 76' lang='grc' dir='ltr'>δόμον</span> <span class='ocrx_word' id='word_1_152' title='bbox 927 2499 967 2568; x_wconf 85' lang='grc' dir='ltr'>εἰς</span> <span class='ocrx_word' id='word_1_153' title='bbox 978 2484 1147 2576; x_wconf 75' lang='grc' dir='ltr'>Ὀδυσῆος,</span> 
     </span>
    </p>
   </div>
   <div class='ocr_carea' id='block_1_4' title="bbox 272 2604 1342 4121">
    <p class='ocr_par' dir='ltr' id='par_1_4' title="bbox 427 2604 1099 2691">
     <span class='ocr_line' id='line_1_21' title="bbox 427 2604 1099 2691; baseline 0 -25"><span class='ocrx_word' id='word_1_154' title='bbox 427 2604 572 2691; x_wconf 79' lang='grc' dir='ltr'><strong>ἀγγελίην</strong></span> <span class='ocrx_word' id='word_1_155' title='bbox 588 2605 714 2688; x_wconf 78' lang='grc' dir='ltr'>ἐρέοντα</span> <span class='ocrx_word' id='word_1_156' title='bbox 729 2605 879 2691; x_wconf 83' lang='grc' dir='ltr'>περίφρονι</span> <span class='ocrx_word' id='word_1_157' title='bbox 893 2605 1099 2683; x_wconf 68' lang='grc' dir='ltr'>Πηνελοπείῃ.</span> 
     </span>
    </p>

    <p class='ocr_par' dir='ltr' id='par_1_5' title="bbox 272 2718 1342 3240">
     <span class='ocr_line' id='line_1_22' title="bbox 338 2718 1341 2797; baseline -0.001 -20"><span class='ocrx_word' id='word_1_158' title='bbox 338 2719 411 2793; x_wconf 79' lang='lat' dir='ltr'>Quis</span> <span class='ocrx_word' id='word_1_159' title='bbox 437 2726 535 2776; x_wconf 87' lang='lat' dir='ltr'>autem</span> <span class='ocrx_word' id='word_1_160' title='bbox 566 2726 618 2789; x_wconf 88' lang='lat' dir='ltr'>est,</span> <span class='ocrx_word' id='word_1_161' title='bbox 648 2720 698 2797; x_wconf 90' lang='lat' dir='ltr'>qui</span> <span class='ocrx_word' id='word_1_162' title='bbox 723 2728 826 2795; x_wconf 75' lang='lat' dir='ltr'>neget,</span> <span class='ocrx_word' id='word_1_163' title='bbox 856 2718 1017 2797; x_wconf 85' lang='lat' dir='ltr'>quemlibet</span> <span class='ocrx_word' id='word_1_164' title='bbox 1043 2720 1106 2777; x_wconf 91' lang='lat' dir='ltr'>sive</span> <span class='ocrx_word' id='word_1_165' title='bbox 1136 2738 1252 2776; x_wconf 84' lang='lat' dir='ltr'>servum</span> <span class='ocrx_word' id='word_1_166' title='bbox 1278 2719 1341 2776; x_wconf 86' lang='lat' dir='ltr'>sive</span> 
     </span>
     <span class='ocr_line' id='line_1_23' title="bbox 272 2828 1342 2907; baseline -0.003 -17"><span class='ocrx_word' id='word_1_167' title='bbox 272 2831 397 2890; x_wconf 90' lang='lat' dir='ltr'>liberum</span> <span class='ocrx_word' id='word_1_168' title='bbox 414 2838 443 2888; x_wconf 91' lang='lat' dir='ltr'>et</span> <span class='ocrx_word' id='word_1_169' title='bbox 458 2828 661 2888; x_wconf 88' lang='lat' dir='ltr'>Demodocum</span> <span class='ocrx_word' id='word_1_170' title='bbox 673 2850 819 2889; x_wconf 89' lang='lat' dir='ltr'>arcessere</span> <span class='ocrx_word' id='word_1_171' title='bbox 834 2839 863 2888; x_wconf 91' lang='lat' dir='ltr'>et</span> <span class='ocrx_word' id='word_1_172' title='bbox 877 2829 1044 2907; x_wconf 86' lang='lat' dir='ltr'>Penelopae</span> <span class='ocrx_word' id='word_1_173' title='bbox 1056 2830 1197 2887; x_wconf 89' lang='lat' dir='ltr'>nuncium</span> <span class='ocrx_word' id='word_1_174' title='bbox 1212 2829 1342 2906; x_wconf 86' lang='lat' dir='ltr'>perferre</span> 
     </span>
     <span class='ocr_line' id='line_1_24' title="bbox 273 2939 1338 3020; baseline -0.002 -21"><span class='ocrx_word' id='word_1_175' title='bbox 273 2939 422 3020; x_wconf 81' lang='lat' dir='ltr'>potuisse?</span> <span class='ocrx_word' id='word_1_176' title='bbox 445 2939 587 2998; x_wconf 83' lang='lat' dir='ltr'>Attamen</span> <span class='ocrx_word' id='word_1_177' title='bbox 602 2959 708 3018; x_wconf 90' lang='lat' dir='ltr'>praeco</span> <span class='ocrx_word' id='word_1_178' title='bbox 723 2942 829 2998; x_wconf 87' lang='lat' dir='ltr'>missus</span> <span class='ocrx_word' id='word_1_179' title='bbox 843 2947 896 3013; x_wconf 86' lang='lat' dir='ltr'>est,</span> <span class='ocrx_word' id='word_1_180' title='bbox 911 2941 1021 3019; x_wconf 89' lang='lat' dir='ltr'>quippe</span> <span class='ocrx_word' id='word_1_181' title='bbox 1042 2941 1089 2998; x_wconf 88' lang='lat' dir='ltr'>cui</span> <span class='ocrx_word' id='word_1_182' title='bbox 1109 2939 1239 2998; x_wconf 89' lang='lat' dir='ltr'>oblatum</span> <span class='ocrx_word' id='word_1_183' title='bbox 1254 2947 1338 3012; x_wconf 87' lang='lat' dir='ltr'>esset,</span> 
     </span>
     <span class='ocr_line' id='line_1_25' title="bbox 273 3048 1340 3127; baseline -0.005 -16"><span class='ocrx_word' id='word_1_184' title='bbox 273 3061 303 3111; x_wconf 92' lang='lat' dir='ltr'>et</span> <span class='ocrx_word' id='word_1_185' title='bbox 322 3053 454 3110; x_wconf 90' lang='lat' dir='ltr'>homines</span> <span class='ocrx_word' id='word_1_186' title='bbox 469 3069 614 3108; x_wconf 86' lang='lat' dir='ltr'>arcessere</span> <span class='ocrx_word' id='word_1_187' title='bbox 635 3060 664 3109; x_wconf 91' lang='lat' dir='ltr'>et</span> <span class='ocrx_word' id='word_1_188' title='bbox 686 3053 810 3110; x_wconf 90' lang='lat' dir='ltr'>nuncios</span> <span class='ocrx_word' id='word_1_189' title='bbox 830 3051 914 3110; x_wconf 86' lang='lat' dir='ltr'>ferre.</span> <span class='ocrx_word' id='word_1_190' title='bbox 959 3050 1010 3109; x_wconf 83' lang='lat' dir='ltr'>Sic</span> <span class='ocrx_word' id='word_1_191' title='bbox 1025 3051 1115 3108; x_wconf 88' lang='lat' dir='ltr'>etiam</span> <span class='ocrx_word' id='word_1_192' title='bbox 1130 3048 1340 3127; x_wconf 85' lang='lat' dir='ltr'>explicandum</span> 
     </span>
     <span class='ocr_line' id='line_1_26' title="bbox 273 3139 1114 3240; baseline -0.005 -18"><span class='ocrx_word' id='word_1_193' title='bbox 273 3173 324 3235; x_wconf 81' lang='lat' dir='ltr'>cst,</span> <span class='ocrx_word' id='word_1_194' title='bbox 342 3181 515 3240; x_wconf 88' lang='lat' dir='ltr'>praeconem</span> <span class='ocrx_word' id='word_1_195' title='bbox 534 3160 615 3218; x_wconf 81' lang='lat' dir='ltr'>Ulixi</span> <span class='ocrx_word' id='word_1_196' title='bbox 630 3139 742 3220; x_wconf 74' lang='lat' dir='ltr'>restem</span> <span class='ocrx_word' id='word_1_197' title='bbox 758 3162 890 3221; x_wconf 89' lang='lat' dir='ltr'>attulisse</span> <span class='ocrx_word' id='word_1_198' title='bbox 905 3161 943 3219; x_wconf 89' lang='lat' dir='ltr'>cf.</span> <span class='ocrx_word' id='word_1_199' title='bbox 960 3156 985 3218; x_wconf 90' lang='lat' dir='ltr'>B</span> <span class='ocrx_word' id='word_1_200' title='bbox 1003 3163 1063 3219; x_wconf 83' lang='lat'>183</span> <span class='ocrx_word' id='word_1_201' title='bbox 1080 3181 1114 3238; x_wconf 92' lang='lat' dir='ltr'>sq</span> 
     </span>
    </p>

    <p class='ocr_par' dir='ltr' id='par_1_6' title="bbox 424 3260 1122 3464">
     <span class='ocr_line' id='line_1_27' title="bbox 577 3260 1022 3353; baseline 0 -25"><span class='ocrx_word' id='word_1_202' title='bbox 577 3268 634 3337; x_wconf 67' lang='lat' dir='ltr'>&#39;riv</span> <span class='ocrx_word' id='word_1_203' title='bbox 650 3272 801 3353; x_wconf 84' lang='grc' dir='ltr'>(χλαῖναν)</span> <span class='ocrx_word' id='word_1_204' title='bbox 818 3260 844 3329; x_wconf 71' lang='grc' dir='ltr'>δ’</span> <span class='ocrx_word' id='word_1_205' title='bbox 864 3267 1022 3352; x_wconf 80' lang='grc' dir='ltr'>ἐκόμισσεν</span> 
     </span>
     <span class='ocr_line' id='line_1_28' title="bbox 424 3368 1122 3464; baseline 0 -24"><span class='ocrx_word' id='word_1_206' title='bbox 424 3375 518 3464; x_wconf 76' lang='grc' dir='ltr'>κῆρυξ</span> <span class='ocrx_word' id='word_1_207' title='bbox 533 3377 711 3464; x_wconf 79' lang='grc' dir='ltr'>Εὐρυβάτης</span> <span class='ocrx_word' id='word_1_208' title='bbox 723 3377 899 3454; x_wconf 73' lang='grc' dir='ltr'>Ἰθακήσιος,</span> <span class='ocrx_word' id='word_1_209' title='bbox 916 3378 946 3452; x_wconf 85' lang='grc' dir='ltr'>ὅς</span> <span class='ocrx_word' id='word_1_210' title='bbox 963 3384 990 3441; x_wconf 81' lang='grc' dir='ltr'>οἱ</span> <span class='ocrx_word' id='word_1_211' title='bbox 1006 3368 1122 3446; x_wconf 70' lang='lat' dir='ltr'>testa.</span> 
     </span>
    </p>

    <p class='ocr_par' dir='ltr' id='par_1_7' title="bbox 272 3479 1340 4121">
     <span class='ocr_line' id='line_1_29' title="bbox 337 3479 1340 3569; baseline -0.004 -17"><span class='ocrx_word' id='word_1_212' title='bbox 337 3491 560 3552; x_wconf 83' lang='lat' dir='ltr'>Consideranda</span> <span class='ocrx_word' id='word_1_213' title='bbox 576 3501 675 3550; x_wconf 86' lang='lat' dir='ltr'>autem</span> <span class='ocrx_word' id='word_1_214' title='bbox 691 3501 760 3550; x_wconf 89' lang='lat' dir='ltr'>sunt</span> <span class='ocrx_word' id='word_1_215' title='bbox 775 3492 866 3551; x_wconf 90' lang='lat' dir='ltr'>verba</span> <span class='ocrx_word' id='word_1_216' title='bbox 881 3492 996 3552; x_wconf 81' lang='lat' dir='ltr'>addita:</span> <span class='ocrx_word' id='word_1_217' title='bbox 1019 3487 1051 3561; x_wconf 87' lang='grc' dir='ltr'>ὅς</span> <span class='ocrx_word' id='word_1_218' title='bbox 1066 3494 1094 3551; x_wconf 80' lang='grc' dir='ltr'>οἱ</span> <span class='ocrx_word' id='word_1_219' title='bbox 1109 3479 1213 3558; x_wconf 71' lang='grc' dir='ltr'>ὀπήδει</span> <span class='ocrx_word' id='word_1_220' title='bbox 1233 3515 1274 3539; x_wconf 93' lang='lat'>=</span> <span class='ocrx_word' id='word_1_221' title='bbox 1290 3492 1340 3569; x_wconf 90' lang='lat' dir='ltr'>qui</span> 
     </span>
     <span class='ocr_line' id='line_1_30' title="bbox 272 3601 1339 3682; baseline -0.004 -19"><span class='ocrx_word' id='word_1_222' title='bbox 272 3625 338 3663; x_wconf 90' lang='lat' dir='ltr'>eum</span> <span class='ocrx_word' id='word_1_223' title='bbox 359 3601 535 3682; x_wconf 89' lang='lat' dir='ltr'>sequebatur</span> <span class='ocrx_word' id='word_1_224' title='bbox 560 3601 609 3660; x_wconf 85' lang='lat' dir='ltr'>vel</span> <span class='ocrx_word' id='word_1_225' title='bbox 636 3601 836 3661; x_wconf 88' lang='lat' dir='ltr'>comitabatur.</span> <span class='ocrx_word' id='word_1_226' title='bbox 886 3603 1021 3682; x_wconf 89' lang='lat' dir='ltr'>Apparet</span> <span class='ocrx_word' id='word_1_227' title='bbox 1047 3603 1138 3679; x_wconf 82' lang='lat' dir='ltr'>igitur</span> <span class='ocrx_word' id='word_1_228' title='bbox 1164 3621 1339 3680; x_wconf 83' lang='lat' dir='ltr'>praeconem</span> 
     </span>
     <span class='ocr_line' id='line_1_31' title="bbox 272 3713 1337 3792; baseline -0.003 -20"><span class='ocrx_word' id='word_1_229' title='bbox 272 3734 387 3792; x_wconf 87' lang='lat' dir='ltr'>semper</span> <span class='ocrx_word' id='word_1_230' title='bbox 404 3713 523 3771; x_wconf 79' lang='lat' dir='ltr'>Ulixem</span> <span class='ocrx_word' id='word_1_231' title='bbox 540 3720 672 3771; x_wconf 88' lang='lat' dir='ltr'>secutum</span> <span class='ocrx_word' id='word_1_232' title='bbox 692 3731 754 3771; x_wconf 90' lang='lat' dir='ltr'>esse</span> <span class='ocrx_word' id='word_1_233' title='bbox 774 3721 925 3792; x_wconf 87' lang='lat' dir='ltr'>tamquam</span> <span class='ocrx_word' id='word_1_234' title='bbox 948 3714 1112 3772; x_wconf 87' lang='lat' dir='ltr'>adiutorem</span> <span class='ocrx_word' id='word_1_235' title='bbox 1126 3713 1174 3772; x_wconf 87' lang='lat' dir='ltr'>vel</span> <span class='ocrx_word' id='word_1_236' title='bbox 1194 3721 1227 3769; x_wconf 90' lang='lat' dir='ltr'>ut</span> <span class='ocrx_word' id='word_1_237' title='bbox 1248 3713 1337 3770; x_wconf 89' lang='lat' dir='ltr'>nostri</span> 
     </span>
     <span class='ocr_line' id='line_1_32' title="bbox 272 3821 1339 3894; baseline -0.003 -12"><span class='ocrx_word' id='word_1_238' title='bbox 272 3825 380 3882; x_wconf 90' lang='lat' dir='ltr'>milites</span> <span class='ocrx_word' id='word_1_239' title='bbox 396 3822 512 3880; x_wconf 85' lang='lat' dir='ltr'>dicunt:</span> <span class='ocrx_word' id='word_1_240' title='bbox 546 3822 742 3894; x_wconf 81' lang='lat' dir='ltr'>‚‚Adiutant.“</span> <span class='ocrx_word' id='word_1_241' title='bbox 786 3824 901 3882; x_wconf 85' lang='lat' dir='ltr'>Horum</span> <span class='ocrx_word' id='word_1_242' title='bbox 924 3826 1003 3882; x_wconf 90' lang='lat' dir='ltr'>enim</span> <span class='ocrx_word' id='word_1_243' title='bbox 1023 3826 1152 3883; x_wconf 86' lang='lat' dir='ltr'>virorum</span> <span class='ocrx_word' id='word_1_244' title='bbox 1175 3821 1339 3881; x_wconf 88' lang='lat' dir='ltr'>condicioni</span> 
     </span>
     <span class='ocr_line' id='line_1_33' title="bbox 272 3932 1338 4009; baseline 0.001 -19"><span class='ocrx_word' id='word_1_245' title='bbox 272 3954 449 4009; x_wconf 87' lang='lat' dir='ltr'>praeconum</span> <span class='ocrx_word' id='word_1_246' title='bbox 476 3932 688 3991; x_wconf 88' lang='lat' dir='ltr'>homericorum</span> <span class='ocrx_word' id='word_1_247' title='bbox 715 3933 917 3993; x_wconf 80' lang='lat' dir='ltr'>condicionem</span> <span class='ocrx_word' id='word_1_248' title='bbox 944 3935 992 3992; x_wconf 89' lang='lat' dir='ltr'>hic</span> <span class='ocrx_word' id='word_1_249' title='bbox 1019 3944 1048 3995; x_wconf 88' lang='lat' dir='ltr'>et</span> <span class='ocrx_word' id='word_1_250' title='bbox 1074 3935 1135 3993; x_wconf 91' lang='lat' dir='ltr'>illie</span> <span class='ocrx_word' id='word_1_251' title='bbox 1161 3933 1338 3992; x_wconf 88' lang='lat' dir='ltr'>simillimam</span> 
     </span>
     <span class='ocr_line' id='line_1_34' title="bbox 272 4042 830 4121; baseline 0.007 -24"><span class='ocrx_word' id='word_1_252' title='bbox 272 4042 361 4102; x_wconf 88' lang='lat' dir='ltr'>fuisse</span> <span class='ocrx_word' id='word_1_253' title='bbox 376 4063 493 4121; x_wconf 87' lang='lat' dir='ltr'>prorsus</span> <span class='ocrx_word' id='word_1_254' title='bbox 505 4043 575 4100; x_wconf 88' lang='lat' dir='ltr'>mihi</span> <span class='ocrx_word' id='word_1_255' title='bbox 592 4063 763 4120; x_wconf 90' lang='lat' dir='ltr'>persuasum</span> <span class='ocrx_word' id='word_1_256' title='bbox 778 4053 830 4102; x_wconf 85' lang='lat' dir='ltr'>est.</span> 
     </span>
    </p>
   </div>
   <div class='ocr_carea' id='block_1_5' title="bbox 0 0 1502 4942">
    <p class='ocr_par' dir='ltr' id='par_1_8' title="bbox 0 0 1502 4942">
     <span class='ocr_line' id='line_1_35' title="bbox 0 0 1502 4942; baseline 0 1"><span class='ocrx_word' id='word_1_257' title='bbox 0 0 1502 4942; x_wconf 95' lang='lat' dir='ltr'> </span> 
     </span>
    </p>
   </div>
  </div>
 </body>
</html>
