2994 4942
728 295 767 355 19

211 486 340 547 mendici
349 488 420 545 item
431 492 521 562 atque
532 483 662 561 hospites
673 483 705 540 in
716 482 796 541 Iovis
807 482 901 541 tutela
912 501 974 542 esse
986 482 1168 544 dicebantur.
1189 485 1280 546 Ocius

211 597 254 656 rei
269 595 446 655 documento
461 594 521 652 sint
535 592 686 652 notissima
700 592 752 650 illa
766 590 872 652 verba:
888 592 924 652 cf.
940 581 959 664 ζ
974 595 1034 653 207
1049 614 1092 673 sq,
1109 589 1126 672 ξ
1141 596 1180 655 57
1196 616 1230 675 sq

514 695 585 785 πρὸς
599 695 657 786 γὰρ
673 697 742 773 Διός
756 705 827 763 εἰσιν
843 698 975 774 ἅπαντες

284 884 288 890 ¹
365 809 454 892 ξεῖνοί
469 831 505 872 τε
519 809 637 894 πτωχοί
651 830 688 871 τε
702 811 771 873 κτλ.

274 923 334 998 Qui
349 945 411 983 mos
427 923 546 1002 hospitii
561 923 650 981 etiam
665 920 809 981 mendicis
830 921 914 981 allati
928 943 988 981 non
1003 942 1037 983 eo
1052 925 1179 1001 tollitur,
1199 926 1279 1005 quod

210 1034 315 1094 Ulixes
331 1033 500 1094 mendicum
515 1032 656 1091 simulans
670 1051 688 1090 a
703 1032 799 1110 procis
813 1031 942 1092 ludibrio
956 1031 1089 1094 habetur.
1112 1034 1186 1109 Quis
1201 1038 1280 1097 enim

210 1151 255 1204 est
268 1145 320 1223 qui
333 1118 484 1216 infitietur,
501 1143 608 1201 nostris
620 1161 736 1221 quoque
747 1142 928 1221 temporibus
940 1163 958 1201 a
968 1143 1102 1222 superbis
1112 1145 1279 1206 hominibus

210 1253 360 1313 mendicos
375 1254 484 1333 passim
498 1253 623 1331 pessime
636 1252 766 1311 tractari.
810 1251 891 1326 Quid
906 1254 999 1330 igitur
1018 1255 1124 1312 mirum
1140 1255 1220 1334 quod
1234 1256 1279 1315 illi

210 1363 330 1443 superbi
344 1364 426 1443 proci
441 1362 577 1421 mendico
592 1383 651 1420 non
665 1362 881 1440 pepercerunt?
897 1363 935 1425 cf.
948 1384 967 1422 σ
980 1367 995 1420 1
1013 1383 1075 1443 sqq.

274 1473 335 1534 Sed
345 1475 405 1532 iam
415 1481 600 1532 transeamus
612 1471 649 1531 ad
663 1472 723 1530 alia
733 1473 805 1530 iuris
817 1474 951 1550 gentium
962 1474 1088 1551 vestigia
1097 1473 1277 1551 indaganda.

211 1584 253 1641 Et
280 1585 312 1642 in
338 1584 426 1641 simili
452 1582 571 1661 quidem
587 1584 697 1641 honore
720 1591 809 1660 atque
834 1584 982 1661 peregrini
999 1592 1084 1643 erant
1105 1584 1280 1661 sacerdotes,

209 1713 282 1772 quos
307 1693 426 1752 laedere
453 1692 537 1751 nefas
555 1712 617 1751 csse
643 1691 811 1771 putabatur.
856 1691 923 1766 Quo
948 1694 1013 1752 loco
1039 1694 1135 1773 ipsum
1160 1696 1278 1755 initium

208 1802 315 1863 Iliadis
340 1804 500 1882 unicuique
526 1803 557 1860 in
582 1811 710 1861 mentem
736 1803 838 1862 venire
863 1802 1002 1878 arbitror,
1029 1803 1109 1883 quod
1134 1807 1277 1884 optimum

209 1913 297 1973 huius
322 1915 365 1973 rei
391 1913 601 1972 documentum
627 1912 756 1991 praebet.
801 1914 994 1973 Notissimum
1016 1915 1095 1974 enim
1117 1924 1172 1988 est,
1195 1916 1277 1993 Aga-

212 2043 398 2084 memnonem
414 2022 548 2103 Chrysae
562 2023 712 2102 Apollinis
730 2023 889 2084 sacerdotis
908 2025 1001 2083 filiam
1016 2027 1136 2104 cepisse.
1180 2025 1278 2100 Quam

211 2152 278 2192 cum
306 2141 392 2212 pater
417 2142 564 2213 repeteret
586 2132 623 2192 ob
646 2153 770 2213 eamque
792 2155 912 2194 causam
935 2136 966 2193 in
987 2143 1084 2200 castra
1098 2136 1279 2197 Graecorum

210 2244 346 2317 venisset,
362 2243 549 2321 Agamemno
563 2245 694 2321 negavit,
718 2264 748 2305 se
771 2264 837 2304 eam
855 2245 1039 2305 redditurum
1060 2265 1132 2306 esse.
1176 2245 1277 2320 Quid?

213 2353 292 2433 quod
318 2329 506 2431 Agamemno
532 2363 615 2413 tanta
645 2362 708 2414 erat
733 2357 825 2415 animi
851 2357 1016 2430 atrocitate,
1043 2364 1076 2415 ut
1100 2357 1282 2433 gravissimis

213 2464 301 2521 minis
317 2462 452 2543 Chrysen
467 2465 678 2542 insequeretur.
723 2466 774 2525 Ex
789 2468 825 2525 iis
841 2475 938 2526 autem
953 2467 1059 2542 verbis,
1075 2466 1181 2546 quibus
1196 2465 1278 2544 Aga·

214 2592 400 2632 memnonem
426 2583 559 2634 utentem
585 2584 672 2654 poeta
697 2575 781 2648 facit,
809 2576 945 2635 concludi
979 2586 1083 2656 potest,
1111 2575 1278 2636 sacerdotes

210 2683 274 2760 ipso
291 2701 412 2742 munere
428 2703 485 2762 quo
505 2684 707 2761 fungebantur
726 2694 925 2745 sacrosanctos
949 2687 1048 2747 fuisse.
1092 2687 1176 2746 Dicit
1200 2687 1279 2746 enim

209 2790 396 2868 Agamemno
410 2791 441 2850 A
456 2793 496 2850 26
512 2812 566 2871 sqq

362 2900 404 2984 μή
422 2921 464 2978 σε,
479 2900 578 2988 γέρον,
593 2901 730 2982 κοίλῃσιν
746 2897 807 2986 ἐγὼ
823 2897 908 2986 παρὰ
923 2903 1008 2972 νηυσὶ
1023 2905 1124 2988 κιχείω

361 3005 380 3080 ἦ
397 3015 448 3071 νῦν
465 3003 617 3082 δηθύνοντ’
638 3005 657 3079 ἦ
674 3009 799 3095 ὕστερον
816 3007 901 3084 αὖτις
917 3011 1011 3096 ἰόντα,

362 3119 404 3204 μή
422 3120 456 3182 νύ
471 3143 520 3182 τοι
535 3121 569 3184 οὐ
584 3121 716 3206 χραίσμῃ
733 3125 886 3207 σκῆπτρον
901 3123 953 3184 καὶ
968 3122 1092 3209 στέμμα
1105 3122 1192 3186 θεοῖο.

277 3233 342 3291 Iam
369 3232 523 3293 videamus
548 3233 677 3314 quidex
697 3233 743 3292 his
763 3233 861 3294 verbis
883 3235 1121 3295 concludendum
1142 3238 1188 3297 sit.
1231 3237 1279 3298 Ac

209 3343 339 3421 primum
361 3344 483 3422 quidem
504 3345 653 3404 neminem
676 3344 762 3422 fugit,
784 3345 858 3404 haec
879 3345 972 3405 verba
993 3343 1032 3404 ab
1052 3344 1278 3423 Agamemnone

208 3472 323 3512 summa
355 3454 400 3512 ira
426 3461 569 3514 commoto
599 3454 715 3534 prolata
741 3474 813 3515 esse.
866 3456 985 3514 Deinde
1017 3462 1116 3514 autem
1145 3464 1277 3535 apparet,

210 3561 376 3623 sacerdotes
389 3572 504 3642 sceptro
519 3573 549 3623 ct
559 3565 657 3624 infula
671 3564 708 3623 ab
721 3566 834 3624 iniuriis
849 3564 985 3625 defensos
1001 3583 1071 3625 esse.
1099 3565 1174 3624 Erat
1187 3566 1279 3642 igitur

208 3672 268 3732 iam
290 3680 354 3733 tum
373 3693 453 3733 more
474 3681 638 3752 receptum,
664 3681 696 3731 ut
718 3673 883 3732 sacerdotes
905 3675 968 3752 ipso
992 3673 1155 3734 sacerdotio
1177 3675 1278 3736 defen·

210 3781 361 3843 derantur.
405 3782 503 3857 Quem
517 3802 627 3842 morem
643 3783 813 3841 etiamnunc
828 3784 930 3859 vigere
945 3802 1031 3843 nemo
1052 3793 1096 3844 est
1110 3786 1181 3864 quin
1196 3788 1278 3847 sciat.

209 3891 282 3951 Jam
302 3891 481 3967 dictumest,
505 3893 600 3953 infula
615 3900 644 3953 ct
663 3900 777 3971 sceptro
800 3891 965 3952 sacerdotes
984 3913 1047 3954 sese
1069 3893 1204 3956 defensos
1227 3897 1277 3956 ha·
1374 3904 1379 3912 ’

209 3999 315 4061 buisse.
357 4002 407 4062 Ita
428 4004 470 4078 fit,
497 4011 530 4063 ut
555 4022 656 4064 omnes
676 4001 784 4063 Graeci
806 4002 845 4060 ab
860 4000 1084 4079 Agamemnone
1106 4013 1223 4082 petant,
1245 4014 1278 4067 ut

1095 4101 1125 4140 μ
