2994 4942
642 290 845 384 ...33-

361 469 433 537 εὖτέ
449 497 487 560 με
500 472 612 537 τυτθὸν
628 476 722 538 ἐόντα
737 474 898 549 Μενοίτιος
913 467 946 551 ἐξ
959 475 1131 550 Ὀπόεντος

361 583 478 672 ἤγαγεν
493 573 665 671 ὑμέτερόνδ’
687 578 904 670 ἀνδροκτασίης
920 585 978 649 ὕπο
992 591 1114 675 λυγρῆς,

361 693 459 779 ἤματι
473 699 520 775 τῷ
535 693 588 758 ὅτε
603 685 702 758 παῖδα
716 695 908 758 κατέκτανον
923 689 1161 783 Αμριδοίμοιντος

321 858 324 863 .
362 802 476 884 νήπιος,
493 805 548 867 οὐκ
563 801 686 884 ἐθέλων,
702 806 773 893 ἀμφ’
794 803 1010 893 ἀστραγάλοισι
1024 806 1173 893 χολωθείς.

276 950 347 1009 Alia
372 971 489 1030 quoque
518 953 656 1031 exempla
684 952 788 1011 afferro
818 953 940 1030 longum
961 973 1023 1013 csse
1052 955 1124 1014 mihi
1149 955 1281 1014 videtur:

209 1061 248 1123 cf.
264 1056 281 1138 ξ
297 1063 367 1134 379,
384 1082 401 1119 o
417 1063 487 1119 224.
532 1062 642 1120 Nonne
664 1081 702 1120 ex
722 1062 758 1120 iis
776 1081 854 1140 quac
876 1063 962 1122 attuli
985 1064 1129 1142 exemplis
1150 1072 1282 1144 apparet,

210 1171 374 1230 homicidas
389 1172 421 1230 in
436 1171 558 1230 exilium
573 1171 669 1230 ivisse.
713 1169 801 1244 Quod
816 1173 841 1230 si
855 1175 1031 1252 quaerimus,
1048 1194 1100 1231 our
1115 1175 1282 1234 inexilium

190 1265 326 1354 iverint,
343 1300 381 1341 ex
403 1280 536 1340 versibus
555 1275 641 1361 quiq
658 1283 719 1340 118
735 1301 789 1360 sqq
808 1282 957 1359 leguntur,
976 1291 1108 1363 apparet,
1133 1291 1282 1343 auctorem

212 1392 294 1450 necis
308 1410 344 1450 eo
359 1391 480 1451 consilio
492 1410 509 1450 e
519 1391 617 1470 patria
631 1410 782 1468 egressum
797 1411 868 1466 esse,
880 1400 913 1451 ut
928 1394 1076 1453 interfecti
1091 1402 1283 1471 cognatorum

210 1500 354 1560 ultionem
369 1502 491 1560 vitaret:

361 1609 415 1670 καὶ
429 1607 486 1694 γάρ
502 1631 547 1681 τις
561 1606 585 1669 θ’
606 1607 661 1670 ἕνα
676 1613 767 1694 φῶτα
782 1609 986 1683 κατακτείνας
1001 1610 1045 1672 ἑνὶ
1061 1603 1160 1696 ἀτίμῳ,

364 1709 388 1800 ᾧ
403 1719 444 1804 μὴ
460 1718 571 1782 πολλοὶ
586 1722 673 1781 ἔωσιν
689 1719 874 1805 ἀοσσητῆρες
889 1718 1013 1795 ὀπίσσω,

364 1829 467 1917 φεύγει
480 1829 575 1902 πηούς
589 1850 625 1891 τε
640 1825 795 1913 προλιπών
811 1828 863 1890 καὶ
877 1822 1013 1913 πατρίδα
1027 1840 1129 1917 γαῖαν.

277 1966 337 2027 Sed
352 1967 426 2027 haec
437 1968 511 2026 ultio
525 1968 621 2047 pretio
632 1966 760 2046 quodam
772 1967 868 2026 soluta
882 1986 944 2027 esso
956 1963 982 2026 Σ
1005 1971 1067 2027 498
1082 1988 1117 2047 oq
1126 1967 1281 2046 probatur:

210 2076 302 2138 verbo
316 2079 395 2138 enim
409 2077 483 2136 haec
497 2084 579 2136 sunt:
1015 2096 1018 2102 ·
1286 2088 1288 2092 ’

517 2176 572 2247 δύο
588 2173 613 2246 δ’
633 2176 737 2270 ἀνδρες
752 2183 880 2247 ἐνείκεον
896 2186 995 2248 εἵνεκα
1008 2196 1112 2260 ποινῆς

363 2284 469 2380 ἀνδρὸς
483 2292 695 2381 ἀποφθιμένου.

277 2431 328 2490 Ad
359 2433 551 2510 explicandos
573 2433 625 2493 hos
658 2452 761 2493 versus
786 2433 974 2493 adiciendum
1000 2442 1052 2507 est,
1078 2453 1117 2493 cx
1141 2435 1283 2513 proximis

212 2542 310 2602 verbis
326 2541 529 2616 demonstrari,
545 2542 583 2602 dc
598 2562 632 2602 eo
648 2544 707 2620 agi,
721 2543 802 2622 quod
817 2544 892 2604 alter
906 2553 1005 2621 negat,
1020 2564 1051 2603 se
1065 2543 1141 2603 illud
1154 2544 1283 2622 pretium

211 2653 271 2710 iam
293 2653 450 2730 accepisse,
475 2651 551 2711 ulter
570 2671 602 2711 oe
627 2653 750 2712 solvisse
771 2652 850 2711 dicit.
895 2654 960 2713 Nec
985 2662 1085 2713 tamen
1110 2654 1280 2712 omittamus
1312 2709 1314 2712 Α

209 2762 268 2821 ἰΠίο
282 2761 462 2839 temporibus
477 2781 557 2821 more
571 2770 722 2840 receptum
736 2761 835 2836 fuisso,
847 2770 880 2821 ut
895 2762 1000 2823 caedes
1015 2762 1105 2823 caede
1116 2771 1146 2823 et
1161 2764 1282 2839 sanguis

209 2873 356 2946 sanguiue
377 2873 554 2951 expiaretur.
598 2870 694 2945 Quem
727 2891 836 2931 morem
862 2872 954 2932 verba
977 2881 1122 2932 testantur
1148 2892 1224 2952 quae
1250 2870 1281 2934 Ξ

210 2986 271 3042 483
288 3003 343 3062 sqq
357 2984 514 3060 leguntur:

446 3090 495 3152 ίνα
509 3088 550 3177 μή
566 3113 598 3151 τι
613 3088 809 3176 κασιγνήτοιό
825 3111 860 3176 γε
874 3089 961 3159 ποινή

365 3193 455 3287 δηρὸν
471 3198 578 3272 ἄτιτος
593 3205 638 3282 tq.
654 3204 701 3281 τῷ
715 3199 767 3262 καί
782 3199 817 3263 κί
832 3223 878 3273 τις
892 3199 1013 3286 εὔχεται
1030 3200 1103 3286 ἀνὴρ

362 3306 482 3398 γνωτὸν
495 3311 538 3372 ἐνὶ
553 3309 724 3397 μεγάροισιν
742 3308 814 3396 ἀρῆς
829 3310 969 3397 ἀλκτῆρα
983 3308 1129 3372 λιπέσθαι.

273 3449 375 3508 Tanto
389 3450 480 3525 igitur
495 3450 532 3508 iis
544 3448 713 3509 hominibus
727 3449 849 3508 ultionis
865 3468 937 3508 cura
947 3455 1019 3521 crat,
1035 3457 1069 3507 ut
1083 3449 1284 3529 unusquisque

209 3566 339 3637 cuperet,
356 3557 435 3617 domi
450 3559 576 3618 ultorem
595 3559 771 3638 relinquere.
816 3558 973 3620 Simillimo
992 3566 1091 3618 autom
1112 3554 1200 3626 ποινή
1216 3558 1283 3619 oub-

209 3669 373 3729 otuntivum
387 3669 541 3728 iuvenitur
555 3664 588 3728 Π
604 3671 676 3742 398,
692 3666 744 3727 ubi
759 3668 797 3729 do
812 3668 949 3727 Patroclo
965 3667 1038 3727 hacc
1054 3666 1209 3727 dicuntur:

361 3785 462 3839 κτεῖνε
477 3774 660 3861 ρεταίσσων,
674 3773 797 3837 πολέων
814 3768 839 3836 δ’
860 3775 1025 3837 ἀπετίνυτο
1040 3775 1144 3846 ποινήν

210 3907 287 3967 quac
315 3890 407 3950 verba
430 3890 553 3951 Faenius
581 3888 658 3949 benc
682 3888 715 3948 in
737 3889 818 3948 hunc
847 3887 966 3948 modum
992 3889 1182 3968 interpretari
1211 3888 1284 3946 mihi

210 3999 341 4060 videtur:
374 4018 425 4073 „er
444 3998 566 4060 schafftc
590 3999 652 4060 rich
677 3998 781 4059 Stthnc
805 3998 854 4058 fur
872 3998 989 4059 Vielc.“
1038 3997 1127 4058 Adde
1147 3996 1226 4076 quod
1246 4015 1283 4056 cx
