2994 4942
698 340 739 403 41

250 527 315 586 Nec
340 546 410 587 vero
436 529 530 587 solum
553 549 621 586 cum
646 528 765 588 foedera
789 529 945 602 merentur,
971 548 1130 607 praecones
1156 531 1254 587 omnia

185 637 384 715 perfecerunt,
408 657 512 697 verum
532 639 621 696 etiam
641 639 687 697 his
706 639 778 718 ipsis
797 638 966 697 muneribus
985 640 1144 716 fungentes
1159 659 1254 698 sacro-

186 748 280 805 sancti
300 756 393 806 erant.
442 748 608 807 Praecones
633 756 731 807 autem
747 757 789 822 ut,
814 770 880 807 cum
901 769 985 807 sacra
1005 748 1252 821 administrarent,

186 857 364 915 sacrosancti
383 856 508 930 fuerint,
530 858 646 936 reipsa
666 859 839 937 postulatur.
884 858 989 937 Itaque
1009 859 1121 918 factum
1142 867 1195 932 cst,
1221 867 1255 917 ut

185 985 344 1044 praecones
351 985 458 1045 pecora
466 965 505 1026 ad
513 966 632 1026 foedera
640 969 756 1027 icienda
766 1003 804 1011 —
816 967 853 1028 dc
864 968 1031 1028 foederibus
1043 970 1160 1028 omnino
1174 970 1254 1028 infra

188 1075 338 1152 agendum
368 1077 424 1136 crit
454 1111 491 1120 —
523 1079 688 1136 necessaria
717 1078 900 1137 adducerent
925 1087 954 1136 et
984 1079 1073 1136 sacris
1106 1079 1254 1137 faciundis

185 1186 369 1245 interessent.
414 1185 460 1247 Of.
477 1181 502 1245 Γ
517 1189 579 1247 268
595 1209 657 1268 sqq.
701 1187 790 1248 Adde
810 1188 890 1268 quod
915 1184 940 1247 Γ
962 1191 1022 1248 116
1044 1207 1078 1266 sq
1099 1188 1129 1246 hi
1152 1207 1254 1248 versus

184 1295 338 1372 leguntur:

332 1401 460 1490 Ἕκτωρ
478 1397 513 1467 δὲ
527 1406 617 1490 προτὶ
632 1405 711 1468 ἄστυ
726 1399 788 1469 δύο)
803 1405 935 1491 κήρυκας
952 1409 1083 1491 ἔπεμπεν

336 1514 534 1600 καρπαλίμως
550 1515 641 1602 ἄρνας
654 1538 691 1579 τε
705 1515 801 1603 φέρειν
817 1515 954 1604 Πρίαμόν
969 1539 1005 1580 τε
1019 1515 1175 1579 καλέσσαι.

251 1687 317 1746 Nec
345 1695 445 1762 tamen
475 1688 569 1746 solum
598 1687 765 1746 foederibus
794 1689 917 1747 iciendis
945 1690 1121 1762 intererant,
1150 1707 1252 1746 venun

185 1799 303 1856 omnino
324 1799 360 1856 iis
374 1798 446 1855 viris
469 1805 499 1856 et
520 1797 629 1856 Graeci
650 1806 679 1856 et
699 1798 822 1856 Troiani
846 1798 1013 1872 utebantur,
1039 1819 1107 1856 curn
1131 1798 1255 1856 nuncios

184 1909 301 1967 missuri
317 1915 421 1968 essent.
452 1907 618 1966 Praecones
630 1916 728 1968 autem
740 1908 817 1967 laedi
830 1909 914 1967 nefas
926 1907 1059 1967 habitum
1075 1927 1138 1968 esse
1153 1908 1254 1966 multia

187 2017 260 2076 locis
281 2017 430 2097 probatur.
476 2016 550 2091 Quis
570 2026 625 2090 est,
650 2020 696 2075 cui
716 2018 854 2077 hocloco
874 2039 934 2077 non
954 2019 1055 2076 statim
1075 2020 1106 2076 in
1125 2026 1255 2077 mentem

185 2129 297 2200 veniat,
319 2127 465 2206 quomodo
484 2126 672 2203 Agamemno
697 2128 832 2187 Briseida
856 2128 968 2187 Achilli
994 2127 1144 2207 rapuerit?
1173 2127 1255 2205 Aga·

184 2258 301 2296 memno
324 2239 403 2296 enim
432 2258 497 2295 cum
521 2257 586 2296 eam
611 2241 801 2298 arcessiturus
823 2248 912 2312 esset,
934 2258 1094 2316 praecones
1117 2239 1197 2297 misit
1217 2236 1256 2297 ad

186 2366 252 2406 eam
268 2347 481 2421 abducendum,
498 2350 608 2428 quippe
622 2350 674 2428 qui
687 2351 751 2409 iure
766 2349 894 2428 quodam
909 2351 1043 2425 gentium
1063 2347 1256 2409 defenderen-

184 2466 238 2516 tur.
271 2457 330 2532 Qui
345 2457 465 2536 quidem
480 2478 640 2537 praecones
660 2461 781 2519 comiter
795 2460 833 2519 ab
847 2459 967 2519 Achille
986 2460 1102 2536 excepti
1123 2466 1191 2517 sunt
1206 2459 1253 2516 iis·

183 2587 240 2646 que
255 2569 355 2626 statim
370 2568 480 2627 Briseis
499 2568 609 2627 tradita
623 2577 675 2628 cst.
721 2570 782 2628 Hic
801 2570 866 2647 quis
886 2570 956 2627 mihi
978 2589 1126 2647 opponere
1148 2577 1251 2648 potest,

182 2678 316 2736 versibus
332 2679 485 2737 homericis
499 2679 571 2756 ipsis
585 2681 698 2756 negari,
711 2699 869 2758 praecones
884 2681 947 2739 iure
961 2663 1104 2755 gentium
1118 2679 1253 2737 defensos

182 2807 252 2847 esse.
296 2788 451 2865 Leguntur
465 2789 544 2846 enim
558 2788 588 2846 A
603 2791 663 2849 331
682 2809 715 2868 sq
731 2790 804 2849 haec
819 2790 924 2849 verba:

334 2917 380 2983 τώ
396 2918 451 3007 μὲν
467 2921 662 3006 ταρβήσαντε
676 2923 728 2985 καὶ
743 2914 894 3007 αἰδομένω
909 2923 1043 3004 βασιλῆα

335 3031 461 3104 στήτην,
477 3021 548 3095 οὐδέ
563 3031 595 3093 τί
609 3056 659 3117 μιν
673 3032 882 3119 προσεφώνεον
898 3024 959 3095 οὐδ’
979 3031 1110 3118 ἐρέοντο.

248 3170 368 3230 Sedres
389 3169 479 3247 longe
500 3169 630 3229 aliaest.
675 3172 755 3231 Sane
780 3170 901 3250 quidem
925 3172 1028 3248 negari
1049 3170 1162 3248 nequit,
1183 3169 1250 3228 illos

182 3299 341 3358 praecones
370 3287 529 3339 trementes
553 3280 703 3340 Achillem
732 3282 855 3355 adiisse,
890 3280 942 3342 sed
971 3280 1068 3340 verbis
1098 3270 1250 3364 αἰδομένω

183 3388 315 3466 βασιλῆα
331 3391 472 3468 explicari
493 3393 564 3451 mihi
585 3391 710 3465 videtur,
731 3413 784 3450 cur
802 3391 921 3451 tandem
942 3392 1123 3450 tremuerint.
1170 3389 1250 3464 Quid

183 3501 262 3558 eninr
289 3500 426 3579 impedit,
453 3504 608 3580 quominus
635 3502 798 3575 credamus,
824 3521 984 3580 praecones
1011 3499 1139 3580 perbene
1165 3501 1250 3559 intel·

183 3608 298 3682 lexissc,
310 3619 421 3688 quanta
433 3613 540 3670 iniuria
552 3613 685 3672 Achilles
697 3612 885 3673 afficeretur?
907 3610 1041 3670 Achilles
1053 3610 1173 3690 quidem
1185 3611 1252 3669 illos

183 3712 253 3788 Διὸς
262 3717 411 3803 αγγέλους
422 3710 479 3788 ἠδὲ
486 3720 538 3780 καὶ
548 3713 663 3806 ἀνδρῶν
671 3724 792 3782 comiter
798 3723 915 3800 excepit
922 3730 951 3781 et
958 3741 995 3780 ne
1001 3730 1123 3780 conatus
1130 3721 1249 3799 quidem

182 3838 235 3902 est,
251 3830 287 3888 iis
302 3831 438 3890 Briseida
452 3851 569 3910 negare.
600 3834 791 3893 Notissimum
807 3840 905 3892 autem
921 3839 973 3906 est,
989 3833 1025 3890 iis
1037 3833 1129 3912 quiin
1142 3840 1249 3889 terram

182 3939 309 3998 alienam
326 3942 498 4020 speculandi
513 3964 602 4003 causa
616 3944 734 4016 iverint,
750 3962 909 4022 praecones
924 3942 1041 4001 additos
1057 3961 1127 4011 esse,
1140 3942 1250 4019 quippe

183 4049 288 4127 quibus
314 4052 468 4111 comitibus
497 4073 598 4115 omnes
627 4055 683 4112 tuti
714 4062 818 4114 essent.
874 4054 965 4114 Velut
991 4053 1096 4112 Ulixes
1125 4072 1190 4108 curn
1218 4052 1248 4108 in
