2994 4942
669 388 690 392 -
713 300 761 392 *17

209 476 369 557 ξεινοσύνη.
401 488 467 546 Ηοο
479 489 556 547 enim
569 506 655 548 sensu
667 491 836 570 Penelopae
851 486 942 548 verba
957 507 971 569 ρ
986 488 1045 545 163
1061 506 1115 564 sqq
1132 487 1277 565 accipien-

209 597 324 657 deesse
340 597 486 670 videntur,
502 598 552 656 ubi
568 600 790 680 Theoclymeno
805 599 981 660 vaticinanti
996 597 1069 655 haec
1085 596 1170 655 dicit:

362 709 393 766 orl
408 703 465 791 γὰρ
480 712 585 784 τοῦτο,
601 704 686 786 ξεῖνε,
704 713 773 782 έπος
789 706 1004 790 τετελεσμένον
1020 707 1073 774 εἴη·

361 821 407 896 τῷ
421 839 456 878 κε
471 820 554 902 τάχα
569 818 669 902 γνοίης
684 819 836 903 φιλότητά
846 839 883 878 τε
898 815 1001 878 πολλοί
1015 835 1051 876 τε
1066 804 1151 899 δῶρα

363 918 397 1000 ἐξ
413 928 484 1010 ἐμεῦ
499 930 570 988 κτλ.

276 1040 382 1118 Neque
409 1040 488 1098 enim
513 1038 675 1119 quidquam
702 1039 790 1099 aliud·
805 1039 851 1098 his
873 1037 971 1098 verbis
993 1037 1140 1115 Penelope
1165 1037 1280 1096 dictura

212 1159 256 1209 est
271 1151 328 1208 nisi
352 1151 423 1208 hoc:
445 1159 478 1208 tu
500 1169 658 1227 cognosces
679 1150 909 1228 hospitalitatem
935 1169 1039 1207 meam.
1086 1147 1131 1206 cf.
1157 1143 1182 1205 Γ
1206 1149 1277 1221 354,

210 1280 226 1320 ο
243 1261 293 1334 55,
312 1262 380 1319 197.

278 1371 343 1430 Iam
357 1388 429 1457 vero
443 1370 597 1429 videamus
612 1391 759 1449 quaenam
774 1371 830 1430 hoc
844 1373 875 1430 in
890 1371 1009 1449 hospitii
1024 1388 1104 1429 more
1123 1370 1195 1427 iuris
1211 1389 1282 1446 gen-

211 1482 286 1540 tium
300 1481 428 1557 vestigia
443 1482 509 1539 sint:
554 1480 601 1539 Ac
615 1483 743 1560 primum
758 1481 877 1560 quidem
898 1500 1041 1560 apparere
1061 1481 1133 1539 mihi
1155 1480 1281 1554 videtur,

213 1611 302 1670 quam
316 1599 399 1649 arcta
413 1591 531 1670 hospitii
552 1593 673 1650 vincula
695 1591 814 1650 fuerint.
857 1590 942 1665 Quae
965 1590 1087 1649 vincula
1107 1610 1167 1649 non
1188 1591 1281 1648 solum

213 1700 345 1761 eiusdem
360 1703 457 1778 gentis
471 1700 605 1760 homines
628 1702 844 1761 coniunxerunt
866 1700 919 1760 ssd
940 1701 1030 1761 etiam
1044 1701 1099 1759 toti
1114 1699 1215 1779 populi
1231 1700 1283 1758 illo

213 1812 334 1890 hospitii
347 1830 427 1870 more
443 1812 487 1870 usi
502 1820 582 1885 sunt,
606 1813 649 1870 ita
671 1819 704 1870 ut
724 1812 779 1870 feri
802 1821 991 1890 agrestesque
1013 1809 1207 1883 haberentur,
1233 1811 1284 1888 qui

215 1921 375 2000 hospitium
386 1921 574 2000 respuebant.
604 1923 684 1981 Tum
695 1941 766 1981 vero
777 1923 978 2000 unusquisque
989 1920 1145 1998 intellegit,
1158 1921 1284 1999 hospitio

214 2031 265 2089 illo
287 2029 542 2110 proficiscentibus
562 2033 669 2091 itinera
690 2032 841 2112 patefacta
861 2051 936 2090 esse:
962 2050 1031 2089 nam
1053 2051 1120 2089 cum
1143 2031 1284 2088 iniustum

213 2142 418 2222 nefariumque
433 2141 598 2214 haberetur,
623 2143 812 2221 peregrinum
833 2141 966 2214 laedere,
989 2139 1124 2199 omnibus
1146 2140 1284 2219 periculis

214 2251 337 2311 sublatis
351 2254 484 2312 homines
496 2260 557 2310 tum
570 2252 839 2331 proficiscebantur.
869 2251 936 2326 Quo
947 2251 1067 2330 hospitii
1077 2251 1212 2308 instituto
1223 2271 1283 2308 non

214 2362 308 2421 solum
329 2362 489 2421 utebantur
509 2372 666 2442 propterea
685 2362 764 2441 quod
783 2363 853 2422 deos
874 2380 1032 2440 eorumque
1046 2361 1121 2419 iram
1141 2360 1285 2419 timebant

216 2472 267 2531 sed
283 2474 372 2531 etiam
387 2482 543 2551 propterea
564 2472 643 2552 quod
665 2473 711 2530 ius
730 2493 810 2532 more
824 2479 975 2551 receptum
991 2491 1053 2531 esse
1068 2473 1104 2529 iis
1119 2471 1284 2529 videbatur.

217 2582 464 2641 Luculentissime
480 2585 558 2642 enirn
574 2584 629 2642 hoc
643 2582 760 2661 probari
775 2591 871 2661 potest
886 2579 919 2641 A
936 2586 995 2641 779

369 2687 460 2768 ξείνιά
476 2689 501 2751 τ’
522 2684 554 2751 εὖ
569 2688 745 2772 παρέθηκεν,
760 2689 780 2750 ἅ
794 2711 830 2751 τε
844 2682 946 2762 ξείνοις
960 2689 1040 2774 θέμις
1056 2689 1146 2750 ἐστίν.

217 2821 343 2880 quocum
359 2801 423 2860 loco
439 2801 531 2860 verba
545 2802 677 2861 conferre
693 2803 783 2872 iuvat,
800 2822 877 2881 quae
893 2824 901 2860 ι
917 2804 978 2861 268
994 2803 1187 2859 inveniuntur

371 2902 452 2982 δοίης
468 2902 607 2987 δωτίνην,
624 2910 642 2975 θ’.
659 2933 694 2972 τε
711 2909 813 2989 ξείνων
828 2909 909 2995 θέμις
924 2909 1015 2972 ἐστίν.

284 3022 348 3080 Ηοο
371 3031 469 3081 autem
493 3023 579 3081 modo
604 3025 677 3083 haec
698 3023 790 3082 verba
812 3022 990 3100 explicanda
1011 3040 1073 3081 esse
1096 3021 1286 3081 Ntrzscsuus

219 3131 304 3190 docet
315 3131 461 3192 adnotans
473 3133 543 3217 adq
558 3135 613 3194 45:
630 3135 707 3207 „Die
723 3134 840 3193 Formel
855 3133 928 3191 wird
943 3134 973 3191 in
990 3131 1057 3190 dem
1072 3131 1223 3208 Umfange
1238 3151 1287 3209 ge·

219 3240 358 3313 hraucht,
389 3244 419 3300 in
447 3245 589 3304 welchem
615 3244 668 3303 der
692 3244 895 3305 homerischen
921 3242 1004 3301 Welt
1029 3241 1082 3300 das
1108 3241 1288 3301 Geburliche

220 3353 373 3411 erscheint.
418 3354 530 3412 Darein
545 3357 583 3413 ist
598 3355 685 3417 nebst
700 3353 768 3414 dem
790 3354 884 3413 durch
899 3352 975 3413 Sitte
999 3352 1060 3410 und
1085 3351 1288 3411 Herkommen
1339 3428 1342 3432 Α

221 3461 424 3537 Geheiligten‚
448 3485 515 3522 zum
531 3465 638 3525 Gesetz
654 3465 872 3538 Gewordenen,
896 3463 958 3522 und
973 3462 1041 3521 dem
1056 3461 1196 3537 Billigen,
1212 3464 1288 3522 auch

221 3572 274 3631 das
301 3574 354 3631 mit
379 3572 536 3649 begriffen,
564 3596 624 3634 was
647 3575 700 3635 der
721 3576 812 3651 Gang
834 3574 887 3632 der
905 3574 1004 3631 Natur
1025 3573 1079 3630 mit
1097 3571 1159 3630 sich
1178 3570 1287 3648 bringt.

221 3682 339 3743 Jedoch
355 3683 427 3742 wird
443 3679 523 3766 θέμις
534 3685 582 3743 nic
594 3685 670 3743 ohne
682 3685 735 3743 das
746 3683 933 3760 begleitende
945 3681 1058 3742 Geftihl
1069 3680 1122 3741 der
1134 3681 1289 3759 Billigung

222 3801 335 3870 gesagt,
352 3792 391 3850 da
406 3783 474 3861 δίκη
490 3795 567 3854 euch
582 3794 630 3854 die
645 3793 747 3866 hlosse,
763 3814 850 3853 wenn
865 3794 941 3853 auch
956 3791 1128 3863 tedelhafte,
1143 3791 1289 3852 Gewohn·

222 3903 297 3974 heit,
321 3902 374 3960 das
395 3904 470 3963 eben
492 3926 548 3963 nur
568 3905 755 3965 Bestehende
776 3904 951 3965 eusdrflckt:
965 3903 1022 3984 IV,
1037 3903 1109 3974 691,
1124 3901 1182 3973 XI,
1199 3902 1290 3961 218.“

226 4017 300 4074 Erat
330 4016 420 4092 igitur
449 4015 613 4093 hospitibus
642 4018 687 4075 ius
717 4014 865 4097 quoddam
891 4018 948 4074 iarn
975 4022 1072 4074 aetate
1095 4013 1213 4072 heroice
1242 4010 1292 4074 vel

1125 4111 1138 4151 r
