<?xml version="1.0" encoding="UTF-8"?>
<!DOCTYPE html PUBLIC "-//W3C//DTD XHTML 1.0 Transitional//EN"
    "http://www.w3.org/TR/xhtml1/DTD/xhtml1-transitional.dtd">
<html xmlns="http://www.w3.org/1999/xhtml" xml:lang="en" lang="en">
 <head>
  <title>
</title>
<meta http-equiv="Content-Type" content="text/html;charset=utf-8" />
  <meta name='ocr-system' content='tesseract 3.04.00' />
  <meta name='ocr-capabilities' content='ocr_page ocr_carea ocr_par ocr_line ocrx_word'/>
</head>
<body>
  <div class='ocr_page' id='page_1' title='image "./devestigiisiuri01sorggoog_0047.png"; bbox 0 0 2994 4942; ppageno 0'>
   <div class='ocr_carea' id='block_1_1' title="bbox 773 483 816 547">
    <p class='ocr_par' dir='ltr' id='par_1_1' title="bbox 773 483 816 547">
     <span class='ocr_line' id='line_1_1' title="bbox 773 483 816 547; baseline 0.07 -3"><span class='ocrx_word' id='word_1_1' title='bbox 773 483 816 547; x_wconf 87' lang='grc'>46</span> 
     </span>
    </p>
   </div>
   <div class='ocr_carea' id='block_1_2' title="bbox 261 644 1331 974">
    <p class='ocr_par' dir='ltr' id='par_1_2' title="bbox 261 644 1331 974">
     <span class='ocr_line' id='line_1_2' title="bbox 261 644 1331 759; baseline -0.001 -28"><span class='ocrx_word' id='word_1_2' title='bbox 261 673 285 731; x_wconf 91' lang='lat' dir='ltr'>si</span> <span class='ocrx_word' id='word_1_3' title='bbox 300 679 471 750; x_wconf 81' lang='lat' dir='ltr'>negaretur,</span> <span class='ocrx_word' id='word_1_4' title='bbox 492 668 604 730; x_wconf 84' lang='lat' dir='ltr'>bellum</span> <span class='ocrx_word' id='word_1_5' title='bbox 618 669 791 732; x_wconf 81' lang='lat' dir='ltr'>indicarent.</span> <span class='ocrx_word' id='word_1_6' title='bbox 840 671 961 759; x_wconf 85' lang='lat' dir='ltr'>Ulixem</span> <span class='ocrx_word' id='word_1_7' title='bbox 985 679 1082 731; x_wconf 87' lang='lat' dir='ltr'>sutem</span> <span class='ocrx_word' id='word_1_8' title='bbox 1104 644 1140 730; x_wconf 87' lang='lat' dir='ltr'>ac</span> <span class='ocrx_word' id='word_1_9' title='bbox 1162 671 1331 731; x_wconf 80' lang='lat' dir='ltr'>Menelaum</span> 
     </span>
     <span class='ocr_line' id='line_1_3' title="bbox 261 780 1330 862; baseline -0.003 -20"><span class='ocrx_word' id='word_1_10' title='bbox 261 782 411 843; x_wconf 83' lang='lat' dir='ltr'>Helenam</span> <span class='ocrx_word' id='word_1_11' title='bbox 424 782 550 861; x_wconf 91' lang='lat' dir='ltr'>petitum</span> <span class='ocrx_word' id='word_1_12' title='bbox 564 780 686 840; x_wconf 81' lang='lat' dir='ltr'>Troiam</span> <span class='ocrx_word' id='word_1_13' title='bbox 700 783 803 841; x_wconf 91' lang='lat' dir='ltr'>missos</span> <span class='ocrx_word' id='word_1_14' title='bbox 822 801 893 857; x_wconf 89' lang='lat' dir='ltr'>esse,</span> <span class='ocrx_word' id='word_1_15' title='bbox 915 802 953 842; x_wconf 85' lang='lat' dir='ltr'>ex</span> <span class='ocrx_word' id='word_1_16' title='bbox 972 780 1071 842; x_wconf 88' lang='lat' dir='ltr'>verbis</span> <span class='ocrx_word' id='word_1_17' title='bbox 1090 781 1207 860; x_wconf 86' lang='lat' dir='ltr'>probari</span> <span class='ocrx_word' id='word_1_18' title='bbox 1226 789 1330 862; x_wconf 85' lang='lat' dir='ltr'>potest,</span> 
     </span>
     <span class='ocr_line' id='line_1_4' title="bbox 261 887 692 974; baseline -0.012 -22"><span class='ocrx_word' id='word_1_19' title='bbox 261 910 338 974; x_wconf 90' lang='lat' dir='ltr'>quae</span> <span class='ocrx_word' id='word_1_20' title='bbox 352 887 378 951; x_wconf 91' lang='grc' dir='ltr'>Γ</span> <span class='ocrx_word' id='word_1_21' title='bbox 393 893 454 952; x_wconf 79' lang='grc'>205</span> <span class='ocrx_word' id='word_1_22' title='bbox 470 911 525 972; x_wconf 88' lang='lat' dir='ltr'>sqq</span> <span class='ocrx_word' id='word_1_23' title='bbox 538 891 692 969; x_wconf 85' lang='lat' dir='ltr'>leguntur:</span> 
     </span>
    </p>
   </div>
   <div class='ocr_carea' id='block_1_3' title="bbox 264 1005 1184 1330">
    <p class='ocr_par' dir='ltr' id='par_1_3' title="bbox 264 1005 1184 1330">
     <span class='ocr_line' id='line_1_5' title="bbox 413 1005 1184 1104; baseline 0.001 -26"><span class='ocrx_word' id='word_1_24' title='bbox 413 1005 473 1088; x_wconf 79' lang='grc' dir='ltr'>ἤδη</span> <span class='ocrx_word' id='word_1_25' title='bbox 488 1012 546 1104; x_wconf 82' lang='grc' dir='ltr'>γὰρ</span> <span class='ocrx_word' id='word_1_26' title='bbox 561 1015 615 1078; x_wconf 80' lang='grc' dir='ltr'>καὶ</span> <span class='ocrx_word' id='word_1_27' title='bbox 629 1007 717 1103; x_wconf 76' lang='grc' dir='ltr'>δεῦρό</span> <span class='ocrx_word' id='word_1_28' title='bbox 731 1015 800 1079; x_wconf 87' lang='grc' dir='ltr'>ποτ’</span> <span class='ocrx_word' id='word_1_29' title='bbox 819 1014 913 1087; x_wconf 79' lang='grc' dir='ltr'>ἤλυθε</span> <span class='ocrx_word' id='word_1_30' title='bbox 927 1008 990 1091; x_wconf 78' lang='grc' dir='ltr'>δῖος</span> <span class='ocrx_word' id='word_1_31' title='bbox 1001 1007 1184 1096; x_wconf 78' lang='grc' dir='ltr'>Ὀδυσσεύς,</span> 
     </span>
     <span class='ocr_line' id='line_1_6' title="bbox 415 1123 1122 1215; baseline 0 -26"><span class='ocrx_word' id='word_1_32' title='bbox 415 1132 466 1189; x_wconf 68' lang='lat' dir='ltr'>osui</span> <span class='ocrx_word' id='word_1_33' title='bbox 480 1123 553 1188; x_wconf 78' lang='grc' dir='ltr'>ἕνεκ’</span> <span class='ocrx_word' id='word_1_34' title='bbox 570 1124 722 1215; x_wconf 73' lang='grc' dir='ltr'><strong>ἀγγελίης,</strong></span> <span class='ocrx_word' id='word_1_35' title='bbox 737 1125 791 1188; x_wconf 84' lang='grc' dir='ltr'>σὺν</span> <span class='ocrx_word' id='word_1_36' title='bbox 807 1126 954 1213; x_wconf 66' lang='lat' dir='ltr'>&amp;pulpita</span> <span class='ocrx_word' id='word_1_37' title='bbox 970 1124 1122 1207; x_wconf 78' lang='grc' dir='ltr'>Μενελάῳ</span> 
     </span>
     <span class='ocr_line' id='line_1_7' title="bbox 264 1251 945 1330; baseline 0.001 -14"><span class='ocrx_word' id='word_1_38' title='bbox 264 1256 311 1317; x_wconf 81' lang='lat' dir='ltr'>cf.</span> <span class='ocrx_word' id='word_1_39' title='bbox 326 1253 361 1316; x_wconf 84' lang='lat' dir='ltr'><strong>A</strong></span> <span class='ocrx_word' id='word_1_40' title='bbox 378 1258 447 1317; x_wconf 88' lang='grc'>140.</span> <span class='ocrx_word' id='word_1_41' title='bbox 493 1253 608 1330; x_wconf 80' lang='lat' dir='ltr'><strong>Quibus</strong></span> <span class='ocrx_word' id='word_1_42' title='bbox 621 1254 720 1315; x_wconf 83' lang='lat' dir='ltr'>verbis</span> <span class='ocrx_word' id='word_1_43' title='bbox 735 1255 813 1316; x_wconf 90' lang='lat' dir='ltr'>adde</span> <span class='ocrx_word' id='word_1_44' title='bbox 828 1251 854 1316; x_wconf 86' lang='grc' dir='ltr'>Γ</span> <span class='ocrx_word' id='word_1_45' title='bbox 869 1259 945 1317; x_wconf 70' lang='lat' dir='ltr'>atta:</span> 
     </span>
    </p>
   </div>
   <div class='ocr_carea' id='block_1_4' title="bbox 416 1354 1188 1478">
    <p class='ocr_par' dir='ltr' id='par_1_4' title="bbox 416 1354 1188 1478">
     <span class='ocr_line' id='line_1_8' title="bbox 416 1354 1188 1478; baseline 0.001 -28"><span class='ocrx_word' id='word_1_46' title='bbox 416 1388 482 1450; x_wconf 83' lang='grc' dir='ltr'>ἀλλ’</span> <span class='ocrx_word' id='word_1_47' title='bbox 502 1390 554 1451; x_wconf 84' lang='grc' dir='ltr'>ὅτε</span> <span class='ocrx_word' id='word_1_48' title='bbox 569 1379 607 1459; x_wconf 72' lang='grc' dir='ltr'>δὴ</span> <span class='ocrx_word' id='word_1_49' title='bbox 624 1354 775 1474; x_wconf 61' lang='grc' dir='ltr'>Τρῶισσιν</span> <span class='ocrx_word' id='word_1_50' title='bbox 791 1391 823 1452; x_wconf 82' lang='grc' dir='ltr'>ἐν</span> <span class='ocrx_word' id='word_1_51' title='bbox 839 1390 1046 1478; x_wconf 79' lang='grc' dir='ltr'>ἀγρομένοισιν</span> <span class='ocrx_word' id='word_1_52' title='bbox 1062 1389 1188 1475; x_wconf 80' lang='grc' dir='ltr'><strong>ἔμιχθεν.</strong></span> 
     </span>
    </p>
   </div>
   <div class='ocr_carea' id='block_1_5' title="bbox 265 1525 1338 2712">
    <p class='ocr_par' dir='ltr' id='par_1_5' title="bbox 265 1525 1338 2712">
     <span class='ocr_line' id='line_1_9' title="bbox 331 1525 1335 1600; baseline 0 -13"><span class='ocrx_word' id='word_1_53' title='bbox 331 1528 391 1587; x_wconf 84' lang='grc' dir='ltr'>Ηὶο</span> <span class='ocrx_word' id='word_1_54' title='bbox 416 1525 512 1600; x_wconf 83' lang='lat' dir='ltr'>vides,</span> <span class='ocrx_word' id='word_1_55' title='bbox 539 1527 709 1586; x_wconf 84' lang='lat' dir='ltr'>Menelaum</span> <span class='ocrx_word' id='word_1_56' title='bbox 731 1536 760 1587; x_wconf 89' lang='lat' dir='ltr'>et</span> <span class='ocrx_word' id='word_1_57' title='bbox 783 1528 903 1587; x_wconf 87' lang='lat' dir='ltr'>Ulixem</span> <span class='ocrx_word' id='word_1_58' title='bbox 925 1530 956 1588; x_wconf 90' lang='lat' dir='ltr'>in</span> <span class='ocrx_word' id='word_1_59' title='bbox 979 1528 1174 1588; x_wconf 83' lang='lat' dir='ltr'>Troianorum</span> <span class='ocrx_word' id='word_1_60' title='bbox 1197 1529 1335 1587; x_wconf 90' lang='lat' dir='ltr'>concione</span> 
     </span>
     <span class='ocr_line' id='line_1_10' title="bbox 268 1633 1336 1718; baseline -0.001 -20"><span class='ocrx_word' id='word_1_61' title='bbox 268 1637 361 1699; x_wconf 87' lang='lat' dir='ltr'>verba</span> <span class='ocrx_word' id='word_1_62' title='bbox 375 1637 488 1696; x_wconf 88' lang='lat' dir='ltr'>fecisse.</span> <span class='ocrx_word' id='word_1_63' title='bbox 534 1633 614 1710; x_wconf 79' lang='lat' dir='ltr'>Quid</span> <span class='ocrx_word' id='word_1_64' title='bbox 630 1644 728 1696; x_wconf 91' lang='lat' dir='ltr'>autem</span> <span class='ocrx_word' id='word_1_65' title='bbox 748 1637 831 1696; x_wconf 88' lang='lat' dir='ltr'>aliud</span> <span class='ocrx_word' id='word_1_66' title='bbox 850 1637 894 1696; x_wconf 93' lang='lat' dir='ltr'>illi</span> <span class='ocrx_word' id='word_1_67' title='bbox 909 1638 966 1696; x_wconf 88' lang='lat' dir='ltr'>viri</span> <span class='ocrx_word' id='word_1_68' title='bbox 980 1636 1022 1696; x_wconf 89' lang='lat' dir='ltr'>ibi</span> <span class='ocrx_word' id='word_1_69' title='bbox 1043 1638 1229 1716; x_wconf 89' lang='lat' dir='ltr'>protulerunt</span> <span class='ocrx_word' id='word_1_70' title='bbox 1248 1658 1336 1718; x_wconf 91' lang='lat' dir='ltr'>quam</span> 
     </span>
     <span class='ocr_line' id='line_1_11' title="bbox 265 1745 1337 1828; baseline 0.003 -23"><span class='ocrx_word' id='word_1_71' title='bbox 265 1747 343 1827; x_wconf 90' lang='lat' dir='ltr'>quod</span> <span class='ocrx_word' id='word_1_72' title='bbox 366 1745 516 1805; x_wconf 89' lang='lat' dir='ltr'>Helenam</span> <span class='ocrx_word' id='word_1_73' title='bbox 537 1755 653 1825; x_wconf 88' lang='lat' dir='ltr'>raptam</span> <span class='ocrx_word' id='word_1_74' title='bbox 675 1747 867 1827; x_wconf 83' lang='lat' dir='ltr'>petiverunt?</span> <span class='ocrx_word' id='word_1_75' title='bbox 897 1747 986 1807; x_wconf 85' lang='lat' dir='ltr'>Adde</span> <span class='ocrx_word' id='word_1_76' title='bbox 1008 1747 1088 1827; x_wconf 89' lang='lat' dir='ltr'>quod</span> <span class='ocrx_word' id='word_1_77' title='bbox 1110 1749 1199 1808; x_wconf 89' lang='lat' dir='ltr'>etiam</span> <span class='ocrx_word' id='word_1_78' title='bbox 1213 1749 1337 1828; x_wconf 77' lang='lat' dir='ltr'>Tydeus</span> 
     </span>
     <span class='ocr_line' id='line_1_12' title="bbox 268 1857 1336 1937; baseline 0.003 -22"><span class='ocrx_word' id='word_1_79' title='bbox 268 1891 307 1900; x_wconf 94' lang='lat'>—</span> <span class='ocrx_word' id='word_1_80' title='bbox 334 1857 370 1916; x_wconf 92' lang='lat' dir='ltr'>de</span> <span class='ocrx_word' id='word_1_81' title='bbox 397 1877 455 1936; x_wconf 91' lang='lat' dir='ltr'>quo</span> <span class='ocrx_word' id='word_1_82' title='bbox 477 1857 572 1915; x_wconf 88' lang='lat' dir='ltr'>multa</span> <span class='ocrx_word' id='word_1_83' title='bbox 597 1858 655 1915; x_wconf 87' lang='lat' dir='ltr'>iam</span> <span class='ocrx_word' id='word_1_84' title='bbox 682 1857 817 1937; x_wconf 86' lang='lat' dir='ltr'>exposita</span> <span class='ocrx_word' id='word_1_85' title='bbox 840 1865 909 1917; x_wconf 89' lang='lat' dir='ltr'>sunt</span> <span class='ocrx_word' id='word_1_86' title='bbox 926 1888 970 1900; x_wconf 92' lang='lat'>—</span> <span class='ocrx_word' id='word_1_87' title='bbox 994 1857 1115 1919; x_wconf 88' lang='lat' dir='ltr'>Thebas</span> <span class='ocrx_word' id='word_1_88' title='bbox 1139 1859 1245 1917; x_wconf 90' lang='lat' dir='ltr'>missus</span> <span class='ocrx_word' id='word_1_89' title='bbox 1274 1877 1336 1918; x_wconf 88' lang='lat' dir='ltr'>esse</span> 
     </span>
     <span class='ocr_line' id='line_1_13' title="bbox 265 1943 1338 2047; baseline 0 -20"><span class='ocrx_word' id='word_1_90' title='bbox 265 1967 393 2040; x_wconf 86' lang='lat' dir='ltr'>videtur,</span> <span class='ocrx_word' id='word_1_91' title='bbox 412 1943 464 2046; x_wconf 86' lang='lat' dir='ltr'>qui</span> <span class='ocrx_word' id='word_1_92' title='bbox 479 1986 514 2026; x_wconf 87' lang='lat' dir='ltr'>aa</span> <span class='ocrx_word' id='word_1_93' title='bbox 528 1966 685 2045; x_wconf 88' lang='lat' dir='ltr'>proferret,</span> <span class='ocrx_word' id='word_1_94' title='bbox 708 1985 784 2047; x_wconf 86' lang='lat' dir='ltr'>quae</span> <span class='ocrx_word' id='word_1_95' title='bbox 799 1966 907 2028; x_wconf 88' lang='lat' dir='ltr'>Achivi</span> <span class='ocrx_word' id='word_1_96' title='bbox 930 1967 1163 2047; x_wconf 84' lang='lat' dir='ltr'>postulaverunt.</span> <span class='ocrx_word' id='word_1_97' title='bbox 1205 1968 1338 2028; x_wconf 84' lang='lat' dir='ltr'>Achivos</span> 
     </span>
     <span class='ocr_line' id='line_1_14' title="bbox 266 2076 1336 2158; baseline 0 -20"><span class='ocrx_word' id='word_1_98' title='bbox 266 2086 364 2138; x_wconf 90' lang='lat' dir='ltr'>autem</span> <span class='ocrx_word' id='word_1_99' title='bbox 379 2076 485 2157; x_wconf 84' lang='lat' dir='ltr'>Tydeo</span> <span class='ocrx_word' id='word_1_100' title='bbox 507 2077 618 2136; x_wconf 85' lang='lat' dir='ltr'>infecta</span> <span class='ocrx_word' id='word_1_101' title='bbox 633 2096 664 2136; x_wconf 88' lang='lat' dir='ltr'>rc</span> <span class='ocrx_word' id='word_1_102' title='bbox 679 2096 796 2136; x_wconf 88' lang='lat' dir='ltr'>reverso</span> <span class='ocrx_word' id='word_1_103' title='bbox 816 2076 927 2138; x_wconf 87' lang='lat' dir='ltr'>bellum</span> <span class='ocrx_word' id='word_1_104' title='bbox 943 2079 1087 2158; x_wconf 79' lang='lat' dir='ltr'>incepisse</span> <span class='ocrx_word' id='word_1_105' title='bbox 1102 2097 1140 2138; x_wconf 86' lang='lat' dir='ltr'>ex</span> <span class='ocrx_word' id='word_1_106' title='bbox 1154 2098 1189 2138; x_wconf 91' lang='lat' dir='ltr'>eo</span> <span class='ocrx_word' id='word_1_107' title='bbox 1204 2086 1336 2158; x_wconf 83' lang='lat' dir='ltr'>apparet,</span> 
     </span>
     <span class='ocr_line' id='line_1_15' title="bbox 267 2186 1337 2269; baseline 0.002 -23"><span class='ocrx_word' id='word_1_108' title='bbox 267 2188 345 2269; x_wconf 92' lang='lat' dir='ltr'>quod</span> <span class='ocrx_word' id='word_1_109' title='bbox 372 2188 445 2247; x_wconf 86' lang='lat' dir='ltr'>victi</span> <span class='ocrx_word' id='word_1_110' title='bbox 470 2186 626 2266; x_wconf 85' lang='lat' dir='ltr'>fugatique</span> <span class='ocrx_word' id='word_1_111' title='bbox 651 2205 714 2246; x_wconf 89' lang='lat' dir='ltr'>esse</span> <span class='ocrx_word' id='word_1_112' title='bbox 740 2187 888 2246; x_wconf 89' lang='lat' dir='ltr'>dicuntur.</span> <span class='ocrx_word' id='word_1_113' title='bbox 933 2188 1091 2249; x_wconf 83' lang='lat' dir='ltr'>Sthenelus</span> <span class='ocrx_word' id='word_1_114' title='bbox 1117 2188 1236 2267; x_wconf 91' lang='lat' dir='ltr'>quidem</span> <span class='ocrx_word' id='word_1_115' title='bbox 1255 2189 1337 2266; x_wconf 88' lang='lat' dir='ltr'>Aga·</span> 
     </span>
     <span class='ocr_line' id='line_1_16' title="bbox 267 2296 1337 2379; baseline -0.001 -21"><span class='ocrx_word' id='word_1_116' title='bbox 267 2299 432 2372; x_wconf 86' lang='lat' dir='ltr'>memnoni,</span> <span class='ocrx_word' id='word_1_117' title='bbox 460 2299 511 2377; x_wconf 93' lang='lat' dir='ltr'>qui</span> <span class='ocrx_word' id='word_1_118' title='bbox 530 2296 669 2356; x_wconf 90' lang='lat' dir='ltr'>Diomedi</span> <span class='ocrx_word' id='word_1_119' title='bbox 692 2296 847 2377; x_wconf 88' lang='lat' dir='ltr'>opprobrio</span> <span class='ocrx_word' id='word_1_120' title='bbox 868 2298 988 2373; x_wconf 89' lang='lat' dir='ltr'>fecerat,</span> <span class='ocrx_word' id='word_1_121' title='bbox 1009 2298 1088 2379; x_wconf 91' lang='lat' dir='ltr'>quod</span> <span class='ocrx_word' id='word_1_122' title='bbox 1110 2299 1255 2358; x_wconf 88' lang='lat' dir='ltr'>maiorum</span> <span class='ocrx_word' id='word_1_123' title='bbox 1277 2319 1337 2358; x_wconf 90' lang='lat' dir='ltr'>non</span> 
     </span>
     <span class='ocr_line' id='line_1_17' title="bbox 266 2406 1338 2487; baseline 0 -19"><span class='ocrx_word' id='word_1_124' title='bbox 266 2408 370 2468; x_wconf 91' lang='lat' dir='ltr'>similis</span> <span class='ocrx_word' id='word_1_125' title='bbox 390 2416 479 2482; x_wconf 86' lang='lat' dir='ltr'>esset,</span> <span class='ocrx_word' id='word_1_126' title='bbox 503 2407 663 2487; x_wconf 86' lang='lat' dir='ltr'>respondit,</span> <span class='ocrx_word' id='word_1_127' title='bbox 686 2407 752 2466; x_wconf 91' lang='lat' dir='ltr'>illos</span> <span class='ocrx_word' id='word_1_128' title='bbox 767 2406 904 2487; x_wconf 89' lang='lat' dir='ltr'>superbia</span> <span class='ocrx_word' id='word_1_129' title='bbox 919 2428 971 2468; x_wconf 89' lang='lat' dir='ltr'>sua</span> <span class='ocrx_word' id='word_1_130' title='bbox 985 2410 1139 2469; x_wconf 88' lang='lat' dir='ltr'>interiisse.</span> <span class='ocrx_word' id='word_1_131' title='bbox 1182 2409 1338 2487; x_wconf 85' lang='lat' dir='ltr'>Leguntur</span> 
     </span>
     <span class='ocr_line' id='line_1_18' title="bbox 265 2509 1104 2580; baseline -0.004 -1"><span class='ocrx_word' id='word_1_132' title='bbox 265 2520 346 2580; x_wconf 88' lang='lat' dir='ltr'>enim</span> <span class='ocrx_word' id='word_1_133' title='bbox 362 2514 390 2578; x_wconf 87' lang='grc' dir='ltr'>Δ</span> <span class='ocrx_word' id='word_1_134' title='bbox 405 2520 467 2577; x_wconf 87' lang='grc'>409</span> <span class='ocrx_word' id='word_1_135' title='bbox 483 2519 557 2578; x_wconf 87' lang='lat' dir='ltr'>haec</span> <span class='ocrx_word' id='word_1_136' title='bbox 572 2516 679 2578; x_wconf 85' lang='lat' dir='ltr'>verba:</span> <span class='ocrx_word' id='word_1_137' title='bbox 1099 2509 1104 2518; x_wconf 76' lang='grc'><em>“</em></span> 
     </span>
     <span class='ocr_line' id='line_1_19' title="bbox 412 2618 1116 2712; baseline 0.003 -24"><span class='ocrx_word' id='word_1_138' title='bbox 412 2636 506 2688; x_wconf 83' lang='grc' dir='ltr'>κεῖνοι</span> <span class='ocrx_word' id='word_1_139' title='bbox 521 2618 554 2688; x_wconf 81' lang='grc' dir='ltr'>δὲ</span> <span class='ocrx_word' id='word_1_140' title='bbox 570 2625 746 2712; x_wconf 73' lang='grc' dir='ltr'>σφετέρῃσιν</span> <span class='ocrx_word' id='word_1_141' title='bbox 762 2624 981 2707; x_wconf 71' lang='grc' dir='ltr'>ἀτασθαλίῃσιν</span> <span class='ocrx_word' id='word_1_142' title='bbox 997 2625 1116 2690; x_wconf 78' lang='grc' dir='ltr'>ὄλοντο.</span> 
     </span>
    </p>
   </div>
   <div class='ocr_carea' id='block_1_6' title="bbox 267 2762 1342 4280">
    <p class='ocr_par' dir='ltr' id='par_1_6' title="bbox 271 2762 1337 2954">
     <span class='ocr_line' id='line_1_20' title="bbox 330 2762 1337 2844; baseline -0.001 -20"><span class='ocrx_word' id='word_1_143' title='bbox 330 2766 387 2825; x_wconf 89' lang='lat' dir='ltr'>His</span> <span class='ocrx_word' id='word_1_144' title='bbox 402 2772 501 2823; x_wconf 90' lang='lat' dir='ltr'>autem</span> <span class='ocrx_word' id='word_1_145' title='bbox 521 2763 619 2824; x_wconf 87' lang='lat' dir='ltr'>verbis</span> <span class='ocrx_word' id='word_1_146' title='bbox 639 2764 715 2824; x_wconf 91' lang='lat' dir='ltr'>nihil</span> <span class='ocrx_word' id='word_1_147' title='bbox 735 2763 816 2823; x_wconf 90' lang='lat' dir='ltr'>aliud</span> <span class='ocrx_word' id='word_1_148' title='bbox 835 2772 924 2844; x_wconf 86' lang='lat' dir='ltr'>posta</span> <span class='ocrx_word' id='word_1_149' title='bbox 944 2762 1024 2837; x_wconf 88' lang='lat' dir='ltr'>dicit,</span> <span class='ocrx_word' id='word_1_150' title='bbox 1044 2765 1102 2823; x_wconf 91' lang='lat' dir='ltr'>nisi</span> <span class='ocrx_word' id='word_1_151' title='bbox 1116 2764 1182 2823; x_wconf 88' lang='lat' dir='ltr'>illos</span> <span class='ocrx_word' id='word_1_152' title='bbox 1196 2764 1337 2837; x_wconf 84' lang='lat' dir='ltr'>Achivos,</span> 
     </span>
     <span class='ocr_line' id='line_1_21' title="bbox 271 2873 1050 2954; baseline -0.001 -19"><span class='ocrx_word' id='word_1_153' title='bbox 271 2897 337 2935; x_wconf 91' lang='lat' dir='ltr'>cum</span> <span class='ocrx_word' id='word_1_154' title='bbox 352 2873 472 2937; x_wconf 91' lang='lat' dir='ltr'>Thebas</span> <span class='ocrx_word' id='word_1_155' title='bbox 486 2883 630 2954; x_wconf 87' lang='lat' dir='ltr'>peterent,</span> <span class='ocrx_word' id='word_1_156' title='bbox 644 2876 739 2934; x_wconf 88' lang='lat' dir='ltr'>victos</span> <span class='ocrx_word' id='word_1_157' title='bbox 754 2883 964 2953; x_wconf 87' lang='lat' dir='ltr'>superatosque</span> <span class='ocrx_word' id='word_1_158' title='bbox 979 2893 1050 2934; x_wconf 88' lang='lat' dir='ltr'>esse.</span> 
     </span>
    </p>

    <p class='ocr_par' dir='ltr' id='par_1_7' title="bbox 267 2984 1342 4280">
     <span class='ocr_line' id='line_1_22' title="bbox 335 2984 1341 3065; baseline 0 -21"><span class='ocrx_word' id='word_1_159' title='bbox 335 2985 401 3046; x_wconf 89' lang='lat' dir='ltr'>Iam</span> <span class='ocrx_word' id='word_1_160' title='bbox 415 3003 486 3044; x_wconf 87' lang='lat' dir='ltr'>vcro</span> <span class='ocrx_word' id='word_1_161' title='bbox 500 2985 562 3044; x_wconf 91' lang='lat' dir='ltr'>illis</span> <span class='ocrx_word' id='word_1_162' title='bbox 577 2986 648 3064; x_wconf 91' lang='lat' dir='ltr'>ipsis</span> <span class='ocrx_word' id='word_1_163' title='bbox 662 2984 843 3064; x_wconf 85' lang='lat' dir='ltr'>temporibus</span> <span class='ocrx_word' id='word_1_164' title='bbox 864 2992 954 3064; x_wconf 88' lang='lat' dir='ltr'>pacta</span> <span class='ocrx_word' id='word_1_165' title='bbox 974 2993 1054 3044; x_wconf 85' lang='lat' dir='ltr'>certo</span> <span class='ocrx_word' id='word_1_166' title='bbox 1073 2985 1200 3065; x_wconf 89' lang='lat' dir='ltr'>quodam</span> <span class='ocrx_word' id='word_1_167' title='bbox 1220 2985 1341 3044; x_wconf 87' lang='lat' dir='ltr'>oonsilio</span> 
     </span>
     <span class='ocr_line' id='line_1_23' title="bbox 267 3094 1340 3156; baseline -0.003 0"><span class='ocrx_word' id='word_1_168' title='bbox 267 3097 350 3156; x_wconf 85' lang='lat' dir='ltr'>facta</span> <span class='ocrx_word' id='word_1_169' title='bbox 382 3104 458 3155; x_wconf 90' lang='lat' dir='ltr'>sunt.</span> <span class='ocrx_word' id='word_1_170' title='bbox 517 3096 586 3154; x_wconf 92' lang='lat' dir='ltr'>Duo</span> <span class='ocrx_word' id='word_1_171' title='bbox 619 3097 748 3154; x_wconf 84' lang='lat' dir='ltr'>maxime</span> <span class='ocrx_word' id='word_1_172' title='bbox 787 3094 1043 3154; x_wconf 89' lang='lat' dir='ltr'>commemoranda</span> <span class='ocrx_word' id='word_1_173' title='bbox 1077 3104 1145 3154; x_wconf 91' lang='lat' dir='ltr'>sunt</span> <span class='ocrx_word' id='word_1_174' title='bbox 1178 3097 1340 3154; x_wconf 84' lang='lat' dir='ltr'>certamina</span> 
     </span>
     <span class='ocr_line' id='line_1_24' title="bbox 269 3205 1340 3285; baseline -0.001 -20"><span class='ocrx_word' id='word_1_175' title='bbox 269 3206 444 3282; x_wconf 87' lang='lat' dir='ltr'>singularia.</span> <span class='ocrx_word' id='word_1_176' title='bbox 488 3205 536 3264; x_wconf 84' lang='lat' dir='ltr'>Ac</span> <span class='ocrx_word' id='word_1_177' title='bbox 557 3207 685 3285; x_wconf 88' lang='lat' dir='ltr'>primum</span> <span class='ocrx_word' id='word_1_178' title='bbox 707 3205 826 3284; x_wconf 91' lang='lat' dir='ltr'>quidem</span> <span class='ocrx_word' id='word_1_179' title='bbox 849 3206 987 3270; x_wconf 83' lang='lat' dir='ltr'>Hectoris</span> <span class='ocrx_word' id='word_1_180' title='bbox 1012 3215 1042 3265; x_wconf 88' lang='lat' dir='ltr'>et</span> <span class='ocrx_word' id='word_1_181' title='bbox 1063 3206 1165 3264; x_wconf 84' lang='lat' dir='ltr'>Aiacis</span> <span class='ocrx_word' id='word_1_182' title='bbox 1194 3214 1340 3264; x_wconf 87' lang='lat' dir='ltr'>certamen</span> 
     </span>
     <span class='ocr_line' id='line_1_25' title="bbox 270 3311 1341 3397; baseline 0 -23"><span class='ocrx_word' id='word_1_183' title='bbox 270 3315 517 3376; x_wconf 87' lang='lat' dir='ltr'>considerandum</span> <span class='ocrx_word' id='word_1_184' title='bbox 533 3324 584 3376; x_wconf 88' lang='lat' dir='ltr'>est.</span> <span class='ocrx_word' id='word_1_185' title='bbox 623 3316 736 3376; x_wconf 87' lang='lat' dir='ltr'>Hector</span> <span class='ocrx_word' id='word_1_186' title='bbox 750 3317 829 3375; x_wconf 86' lang='lat' dir='ltr'>enim</span> <span class='ocrx_word' id='word_1_187' title='bbox 844 3311 875 3376; x_wconf 93' lang='lat' dir='ltr'>H</span> <span class='ocrx_word' id='word_1_188' title='bbox 890 3318 931 3376; x_wconf 86' lang='grc'>46</span> <span class='ocrx_word' id='word_1_189' title='bbox 947 3337 1001 3397; x_wconf 89' lang='lat' dir='ltr'>sqq</span> <span class='ocrx_word' id='word_1_190' title='bbox 1017 3317 1182 3376; x_wconf 87' lang='lat' dir='ltr'>aMinerva</span> <span class='ocrx_word' id='word_1_191' title='bbox 1196 3317 1341 3375; x_wconf 87' lang='lat' dir='ltr'>excitatus</span> 
     </span>
     <span class='ocr_line' id='line_1_26' title="bbox 270 3407 1340 3506; baseline -0.003 -20"><span class='ocrx_word' id='word_1_192' title='bbox 270 3427 383 3487; x_wconf 91' lang='lat' dir='ltr'>medios</span> <span class='ocrx_word' id='word_1_193' title='bbox 402 3407 445 3486; x_wconf 46' lang='lat' dir='ltr'>&#39;in</span> <span class='ocrx_word' id='word_1_194' title='bbox 471 3427 568 3486; x_wconf 90' lang='lat' dir='ltr'>hostes</span> <span class='ocrx_word' id='word_1_195' title='bbox 594 3446 765 3506; x_wconf 88' lang='lat' dir='ltr'>progressus</span> <span class='ocrx_word' id='word_1_196' title='bbox 790 3434 842 3500; x_wconf 85' lang='lat' dir='ltr'>cst,</span> <span class='ocrx_word' id='word_1_197' title='bbox 869 3435 902 3486; x_wconf 94' lang='lat' dir='ltr'>ut</span> <span class='ocrx_word' id='word_1_198' title='bbox 928 3428 1070 3506; x_wconf 91' lang='lat' dir='ltr'>optimum</span> <span class='ocrx_word' id='word_1_199' title='bbox 1094 3425 1277 3485; x_wconf 83' lang='lat' dir='ltr'>Achivorum</span> <span class='ocrx_word' id='word_1_200' title='bbox 1301 3426 1340 3484; x_wconf 87' lang='lat' dir='ltr'>ad</span> 
     </span>
     <span class='ocr_line' id='line_1_27' title="bbox 270 3535 1340 3616; baseline -0.003 -19"><span class='ocrx_word' id='word_1_201' title='bbox 270 3546 419 3598; x_wconf 82' lang='lat' dir='ltr'>certamen</span> <span class='ocrx_word' id='word_1_202' title='bbox 459 3546 641 3616; x_wconf 86' lang='lat' dir='ltr'>provocaret.</span> <span class='ocrx_word' id='word_1_203' title='bbox 700 3536 762 3595; x_wconf 92' lang='lat' dir='ltr'>Hic</span> <span class='ocrx_word' id='word_1_204' title='bbox 801 3538 900 3595; x_wconf 90' lang='lat' dir='ltr'>statim</span> <span class='ocrx_word' id='word_1_205' title='bbox 945 3535 1242 3595; x_wconf 85' lang='lat' dir='ltr'>animadvertendum</span> <span class='ocrx_word' id='word_1_206' title='bbox 1287 3544 1340 3609; x_wconf 87' lang='lat' dir='ltr'>cst,</span> 
     </span>
     <span class='ocr_line' id='line_1_28' title="bbox 271 3646 1341 3728; baseline -0.004 -20"><span class='ocrx_word' id='word_1_207' title='bbox 271 3648 402 3709; x_wconf 86' lang='lat' dir='ltr'>Graecos</span> <span class='ocrx_word' id='word_1_208' title='bbox 424 3667 539 3728; x_wconf 92' lang='lat' dir='ltr'>quoque</span> <span class='ocrx_word' id='word_1_209' title='bbox 562 3646 613 3707; x_wconf 91' lang='lat' dir='ltr'>ubi</span> <span class='ocrx_word' id='word_1_210' title='bbox 634 3648 762 3726; x_wconf 89' lang='lat' dir='ltr'>primum</span> <span class='ocrx_word' id='word_1_211' title='bbox 782 3646 896 3706; x_wconf 90' lang='lat' dir='ltr'>Hector</span> <span class='ocrx_word' id='word_1_212' title='bbox 913 3648 1058 3706; x_wconf 87' lang='lat' dir='ltr'>Troianos</span> <span class='ocrx_word' id='word_1_213' title='bbox 1077 3666 1180 3725; x_wconf 90' lang='lat' dir='ltr'>pugna</span> <span class='ocrx_word' id='word_1_214' title='bbox 1200 3646 1341 3706; x_wconf 88' lang='lat' dir='ltr'>desistere</span> 
     </span>
     <span class='ocr_line' id='line_1_29' title="bbox 271 3756 1342 3838; baseline -0.002 -20"><span class='ocrx_word' id='word_1_215' title='bbox 271 3761 365 3834; x_wconf 85' lang='lat' dir='ltr'>iussit,</span> <span class='ocrx_word' id='word_1_216' title='bbox 388 3779 521 3838; x_wconf 88' lang='lat' dir='ltr'>pugnam</span> <span class='ocrx_word' id='word_1_217' title='bbox 546 3759 743 3818; x_wconf 87' lang='lat' dir='ltr'>intermisisse.</span> <span class='ocrx_word' id='word_1_218' title='bbox 786 3756 881 3816; x_wconf 89' lang='lat' dir='ltr'>Vides</span> <span class='ocrx_word' id='word_1_219' title='bbox 902 3758 1007 3835; x_wconf 87' lang='lat' dir='ltr'>igitur,</span> <span class='ocrx_word' id='word_1_220' title='bbox 1028 3776 1112 3830; x_wconf 87' lang='lat' dir='ltr'>eum,</span> <span class='ocrx_word' id='word_1_221' title='bbox 1135 3758 1183 3835; x_wconf 91' lang='lat' dir='ltr'>qui</span> <span class='ocrx_word' id='word_1_222' title='bbox 1206 3758 1342 3836; x_wconf 87' lang='lat' dir='ltr'>quamvis</span> 
     </span>
     <span class='ocr_line' id='line_1_30' title="bbox 272 3864 1342 3948; baseline -0.004 -19"><span class='ocrx_word' id='word_1_223' title='bbox 272 3869 371 3930; x_wconf 88' lang='lat' dir='ltr'>media</span> <span class='ocrx_word' id='word_1_224' title='bbox 385 3871 417 3928; x_wconf 91' lang='lat' dir='ltr'>in</span> <span class='ocrx_word' id='word_1_225' title='bbox 431 3871 495 3929; x_wconf 89' lang='lat' dir='ltr'>acie</span> <span class='ocrx_word' id='word_1_226' title='bbox 510 3868 642 3928; x_wconf 88' lang='lat' dir='ltr'>dicturus</span> <span class='ocrx_word' id='word_1_227' title='bbox 657 3874 742 3942; x_wconf 89' lang='lat' dir='ltr'>esset,</span> <span class='ocrx_word' id='word_1_228' title='bbox 757 3867 821 3927; x_wconf 88' lang='lat' dir='ltr'>iure</span> <span class='ocrx_word' id='word_1_229' title='bbox 836 3867 965 3948; x_wconf 84' lang='lat' dir='ltr'>quodam</span> <span class='ocrx_word' id='word_1_230' title='bbox 979 3867 1132 3927; x_wconf 89' lang='lat' dir='ltr'>defensum</span> <span class='ocrx_word' id='word_1_231' title='bbox 1147 3886 1218 3926; x_wconf 89' lang='lat' dir='ltr'>esse.</span> <span class='ocrx_word' id='word_1_232' title='bbox 1254 3864 1342 3941; x_wconf 79' lang='lat' dir='ltr'>Quod</span> 
     </span>
     <span class='ocr_line' id='line_1_31' title="bbox 273 3964 1342 4058; baseline -0.003 -20"><span class='ocrx_word' id='word_1_233' title='bbox 273 3981 305 4038; x_wconf 93' lang='lat' dir='ltr'>ni</span> <span class='ocrx_word' id='word_1_234' title='bbox 331 3979 449 4054; x_wconf 84' lang='lat' dir='ltr'>fuisset,</span> <span class='ocrx_word' id='word_1_235' title='bbox 477 3980 595 4038; x_wconf 90' lang='lat' dir='ltr'>omnino</span> <span class='ocrx_word' id='word_1_236' title='bbox 621 3964 732 4038; x_wconf 79' lang='lat' dir='ltr'>audere</span> <span class='ocrx_word' id='word_1_237' title='bbox 756 3997 843 4037; x_wconf 88' lang='lat' dir='ltr'>nemo</span> <span class='ocrx_word' id='word_1_238' title='bbox 869 3979 974 4058; x_wconf 91' lang='lat' dir='ltr'>potuit,</span> <span class='ocrx_word' id='word_1_239' title='bbox 999 3977 1053 4037; x_wconf 86' lang='lat' dir='ltr'>tali</span> <span class='ocrx_word' id='word_1_240' title='bbox 1078 3975 1164 4035; x_wconf 90' lang='lat' dir='ltr'>modo</span> <span class='ocrx_word' id='word_1_241' title='bbox 1193 3983 1342 4036; x_wconf 86' lang='lat' dir='ltr'>certamen</span> 
     </span>
     <span class='ocr_line' id='line_1_32' title="bbox 273 4087 1342 4168; baseline -0.002 -19"><span class='ocrx_word' id='word_1_242' title='bbox 273 4090 424 4167; x_wconf 84' lang='lat' dir='ltr'>singulare</span> <span class='ocrx_word' id='word_1_243' title='bbox 439 4090 523 4162; x_wconf 86' lang='lat' dir='ltr'>inire,</span> <span class='ocrx_word' id='word_1_244' title='bbox 545 4096 702 4168; x_wconf 85' lang='lat' dir='ltr'>propterea</span> <span class='ocrx_word' id='word_1_245' title='bbox 723 4087 802 4168; x_wconf 92' lang='lat' dir='ltr'>quod</span> <span class='ocrx_word' id='word_1_246' title='bbox 822 4089 924 4147; x_wconf 86' lang='lat' dir='ltr'>statim</span> <span class='ocrx_word' id='word_1_247' title='bbox 942 4087 1116 4147; x_wconf 87' lang='lat' dir='ltr'>interfectus</span> <span class='ocrx_word' id='word_1_248' title='bbox 1133 4096 1218 4158; x_wconf 82' lang='lat' dir='ltr'>esset,</span> <span class='ocrx_word' id='word_1_249' title='bbox 1238 4089 1289 4168; x_wconf 92' lang='lat' dir='ltr'>qui</span> <span class='ocrx_word' id='word_1_250' title='bbox 1305 4107 1342 4147; x_wconf 85' lang='lat' dir='ltr'>ex</span> 
     </span>
     <span class='ocr_line' id='line_1_33' title="bbox 274 4191 1285 4280; baseline -0.002 -22"><span class='ocrx_word' id='word_1_251' title='bbox 274 4200 338 4259; x_wconf 86' lang='lat' dir='ltr'>acis</span> <span class='ocrx_word' id='word_1_252' title='bbox 352 4199 579 4280; x_wconf 83' lang='lat' dir='ltr'>progrederetur</span> <span class='ocrx_word' id='word_1_253' title='bbox 593 4206 623 4257; x_wconf 94' lang='lat' dir='ltr'>et</span> <span class='ocrx_word' id='word_1_254' title='bbox 637 4197 676 4257; x_wconf 87' lang='lat' dir='ltr'>ad</span> <span class='ocrx_word' id='word_1_255' title='bbox 691 4197 887 4277; x_wconf 87' lang='lat' dir='ltr'>pugnandum</span> <span class='ocrx_word' id='word_1_256' title='bbox 901 4206 1046 4258; x_wconf 88' lang='lat' dir='ltr'>evocaret.</span> <span class='ocrx_word' id='word_1_257' title='bbox 1085 4196 1132 4257; x_wconf 82' lang='lat' dir='ltr'>cf.</span> <span class='ocrx_word' id='word_1_258' title='bbox 1148 4191 1179 4256; x_wconf 95' lang='lat' dir='ltr'>H</span> <span class='ocrx_word' id='word_1_259' title='bbox 1194 4199 1234 4257; x_wconf 89' lang='grc'>55</span> <span class='ocrx_word' id='word_1_260' title='bbox 1251 4217 1285 4275; x_wconf 90' lang='lat' dir='ltr'>sq</span> 
     </span>
    </p>
   </div>
   <div class='ocr_carea' id='block_1_7' title="bbox 0 0 1519 4942">
    <p class='ocr_par' dir='ltr' id='par_1_8' title="bbox 0 0 1519 4942">
     <span class='ocr_line' id='line_1_34' title="bbox 0 0 1519 4942; baseline 0 0"><span class='ocrx_word' id='word_1_261' title='bbox 0 0 1519 4942; x_wconf 95' lang='lat' dir='ltr'> </span> 
     </span>
    </p>
   </div>
  </div>
 </body>
</html>
