2994 4942
720 310 762 372 45

333 519 335 523 ’
361 493 458 580 αὐτὰρ
475 494 491 556 ὁ
505 494 599 580 θυμὸν
615 499 692 580 ἔχων
709 495 742 555 ὃν
757 494 913 580 καρτερόν,
929 494 969 567 ὠς
984 493 1021 556 τὸ
1037 495 1130 579 πάρος
1146 517 1213 580 περ,

360 604 483 689 κούρους
500 597 663 689 Καδμείων
679 595 888 690 προκαλίζετο,
903 605 1004 665 πάντα
1020 597 1045 665 δ’
1066 605 1159 667 ἐνίκα.

275 717 389 791 Quibus
405 719 435 776 in
451 717 548 776 verbis
570 738 637 776 mea
656 717 775 797 quidem
799 718 944 776 sententia
959 718 1087 776 maxime
1114 717 1166 776 illa
1190 717 1282 776 verba

211 821 321 908 ,,θομὸν
338 831 415 909 ἔχων
432 825 464 888 ὃν
481 826 646 911 κοὶρτερονιι
672 827 857 904 respicienda
874 835 950 885 sunt.
993 827 1051 884 His
1077 828 1155 885 enim
1183 826 1281 885 verbis

212 939 349 996 Minerva
363 937 527 996 luculenter
542 936 622 1003 dicit,
638 937 723 994 illum
743 937 881 994 iniuriam
900 937 1013 1009 fecisse,
1029 936 1107 1015 quod
1122 936 1281 995 Thebanos

209 1046 248 1105 ad
264 1068 397 1125 pugnam
413 1049 556 1106 evocavit.
602 1047 657 1106 Cui
674 1048 837 1106 sententiae
851 1047 903 1104 illa
918 1046 1008 1105 verba
1031 1067 1089 1103 nou
1104 1055 1280 1123 repugnant,

210 1177 285 1236 quae
300 1157 460 1216 Diomedes
477 1153 502 1216 K
521 1160 581 1216 289
598 1158 709 1236 profert
768 1166 775 1185 ¹
846 1175 850 1183 ·

362 1262 439 1350 ἀτὰρ
457 1260 498 1344 ἂψ
516 1261 612 1326 ἀπιὼν
627 1264 713 1350 μάλα
729 1264 862 1349 μέρμερα
878 1264 998 1347 μήσατο
1015 1268 1098 1350 ἔργα.

275 1377 435 1436 Diomedes
450 1378 533 1436 enini
546 1378 607 1436 iure
623 1397 674 1436 suo
690 1378 742 1435 illa
756 1378 836 1435 facta
857 1385 1085 1435 commemoratu
1105 1376 1198 1452 digna
1217 1396 1280 1433 esse

211 1487 295 1560 dicit,
323 1487 401 1565 quod
422 1487 545 1566 Tydeus
566 1507 666 1545 omnes
687 1488 905 1565 quinquaginta
930 1487 1063 1559 iuvenes,
1084 1488 1135 1565 qni
1157 1485 1280 1544 insidias

211 1606 397 1675 paraverant,
414 1600 573 1676 superavit.
622 1593 767 1679 Μέρμερα
788 1605 885 1655 autem
904 1597 977 1679 ἔργα
993 1597 1170 1672 germanicis
1184 1594 1281 1654 verbis

213 1707 449 1783 „denkwu'rdige
464 1708 603 1766 Thaten“
618 1707 795 1785 respondere
807 1705 969 1765 Gncnerus
984 1707 1122 1766 Curemus
1136 1705 1289 1779 (Grundm

212 1838 238 1895 p.
263 1819 336 1894 308)
357 1818 464 1876 docuit.
510 1818 559 1876 Ex
580 1818 625 1876 his
645 1827 743 1876 autem
764 1816 911 1890 omnibus,
934 1837 1010 1895 quae
1036 1815 1122 1874 modo
1147 1817 1282 1894 exposita

213 1936 290 1998 sunt,
306 1936 440 2007 apparet,
463 1927 576 2004 legatos
600 1936 630 1987 et
655 1946 817 2006 praecones
842 1927 904 1984 iure
930 1926 1057 2004 quodam
1084 1924 1122 1984 ab
1147 1925 1282 1984 omnibus

212 2038 348 2096 defensos
363 2058 435 2098 esse.
479 2037 564 2113 Quae
580 2058 646 2095 cum
661 2038 705 2096 ita
719 2056 782 2096 sese
797 2034 936 2108 habeant,
959 2037 1032 2094 haec
1052 2036 1284 2095 luculentissima

211 2149 282 2207 iuris
319 2149 453 2225 gentium
488 2149 615 2224 vestigia
650 2167 712 2207 esse
742 2166 856 2206 censeo.
915 2145 985 2204 Alia
1014 2166 1129 2225 quoque
1159 2147 1286 2223 vestigia

210 2267 337 2331 exstant,
350 2278 366 2317 e
378 2257 484 2342 quihus
499 2278 659 2337 praecones
671 2259 733 2315 iure
749 2277 801 2315 suo
814 2256 948 2315 defensos
963 2275 1026 2327 esse
1037 2255 1141 2315 elucet.
1170 2257 1282 2315 Notum

210 2369 289 2426 enim
304 2376 355 2440 est,
368 2388 529 2446 praecones
540 2367 708 2428 foederibus
719 2366 843 2426 iciendis
856 2366 1031 2425 interfuisse.
1059 2366 1100 2424 Et
1112 2365 1148 2425 de
1160 2365 1283 2426 foederi·

210 2477 264 2536 bus
279 2478 398 2556 quidem
413 2480 472 2537 iam
487 2477 637 2555 agendum
652 2484 705 2539 est.

276 2589 397 2647 Etenim
411 2589 601 2648 manifestum
617 2608 680 2647 esse
702 2588 775 2646 mihi
796 2586 922 2658 videtur,
943 2585 1063 2645 foedera
1084 2587 1160 2644 inter
1181 2594 1284 2662 gentes

210 2697 320 2757 liberas
350 2699 432 2756 facta
452 2698 687 2757 luculentissima
710 2699 782 2756 iuris
802 2698 935 2775 gentium
957 2697 1085 2773 vestigia
1107 2715 1177 2755 esse.
1221 2697 1286 2754 lam

212 2828 302 2886 supra
329 2816 588 2867 commemoratum
615 2817 668 2881 est,
694 2808 805 2867 bellum
831 2806 918 2865 modo
943 2806 1087 2865 indictum
1112 2805 1199 2864 modo
1224 2827 1283 2864 non

211 2917 357 2977 indictum
373 2937 435 2977 esse
456 2916 560 2977 videri.
606 2917 682 2978 (lum
704 2918 784 2977 enim
807 2917 910 2976 Ulixes
932 2935 1021 2994 saepe
1042 2917 1184 2993 glorietur
1205 2917 1283 2996 quod

214 3027 422 3106 praedationes
449 3028 553 3088 feeerit
581 3047 706 3107 cumque
728 3008 839 3087 Nestor
865 3046 981 3105 quoque
1003 3034 1115 3099 narret,
1138 3026 1284 3104 quomodo

211 3139 328 3197 iuvenis
343 3137 469 3217 praedas
484 3139 596 3211 fecerit,
614 3139 702 3197 facile
718 3145 762 3197 est
777 3138 926 3217 suspicata
938 3137 1057 3194 omuino
1074 3137 1131 3194 illis
1147 3138 1283 3214 tempori·

211 3247 265 3306 bus
281 3249 360 3307 bella
382 3270 440 3307 non
462 3268 524 3307 esse
544 3248 666 3308 indicta.
704 3248 816 3322 Quodsi
833 3248 936 3322 negari
952 3248 1062 3325 nequit,
1078 3247 1144 3304 illas
1160 3246 1282 3323 praeda·

210 3359 305 3416 tiones
320 3357 358 3417 ab
374 3359 463 3417 Ulixe
479 3369 509 3418 et
524 3359 650 3418 Nestore
664 3360 760 3417 factas
776 3367 863 3415 antea
878 3377 937 3414 non
953 3375 1015 3414 esse
1031 3357 1167 3429 indictas,
1182 3366 1282 3414 tamen

211 3488 312 3528 versus
331 3488 447 3548 quoque
468 3470 672 3541 inveniuntur,
699 3467 804 3547 quibus
825 3467 970 3538 adducar,
999 3476 1031 3524 ut
1046 3465 1179 3537 credam,
1203 3465 1282 3525 bella

212 3597 275 3638 esse
290 3579 411 3637 indicta.
456 3578 610 3652 Quaenam
626 3588 689 3638 erat
705 3599 794 3637 causa
809 3599 861 3636 cur
877 3576 983 3636 Graeci
998 3585 1156 3654 antequam
1174 3575 1282 3634 bellurn

212 3690 387 3768 inceperunt
397 3689 515 3748 Ulixem
524 3688 751 3767 Menelaumque
762 3721 795 3729 -
812 3697 845 3745 ut
855 3708 943 3766 supra
951 3689 1009 3744 iam
1019 3706 1036 3744 a
1047 3705 1094 3744 me
1109 3706 1282 3745 commemo·

212 3808 308 3857 ratum
330 3807 375 3858 est
397 3832 437 3841 —
460 3799 581 3857 Troiam
605 3797 719 3874 legatos
741 3795 912 3856 mitterent?
942 3797 1068 3854 Etiamsi
1091 3798 1161 3875 ipsis
1184 3794 1282 3854 verbis

214 3908 369 3966 homericis
395 3907 514 3987 probari
541 3928 598 3966 non
626 3915 730 3986 potest,
754 3925 840 3964 nemo
868 3915 968 3965 tamen
998 3907 1087 3964 aliam
1113 3925 1233 3963 causam
1247 3905 1284 3961 iis

213 4018 303 4077 fuisse
340 4017 457 4077 videtur
492 4018 635 4096 suspicari
669 4037 756 4095 quam
790 4016 868 4096 quod
899 4016 1047 4074 Helenam
1082 4022 1215 4093 peterent
1244 4021 1281 4083 et,
