2994 4942
779 274 823 339 34

698 361 901 369 n————

418 463 476 534 τήν
492 463 557 526 ἐπεὶ
572 457 608 546 ἂρ
625 453 699 546 δεῦρ’
717 460 807 548 ἤγαγ’
828 460 876 546 ἅμ’
898 460 1016 523 ἄλλοισι
1031 459 1219 541 κτεάτεσσιν,

420 569 463 658 ἂψ
480 572 496 635 ὅ
511 594 547 659 γε
562 573 620 642 τὴν
636 571 770 634 ἀπέλυσε
784 567 1043 655 λαβῶνάπερείσί
1064 570 1184 634 ἄποινα.

332 753 417 828 Quae
436 773 504 812 cum
526 754 569 812 ita
588 771 650 812 sese
670 752 826 826 haberent,
842 733 913 811 *non
933 771 969 810 ea
990 751 1166 812 crudelitate
1186 751 1294 812 Graeci
1309 761 1339 812 et

265 865 388 923 Troiani
399 871 462 922 tum
473 865 519 922 usi
530 871 607 937 sunt,
618 882 679 942 qua
688 864 831 942 Terpstra
849 863 881 921 in
896 862 1122 940 antiquitatibus
1139 863 1293 922 homericis
1307 884 1337 942 p.
1358 899 1360 905 ι

267 976 328 1034 342
353 993 402 1034 eos
427 974 512 1033 nobis
538 972 701 1052 descripsit.
755 972 855 1047 „Quos
880 975 979 1045 vero“,
994 974 1090 1051 inquit
1104 975 1255 1052 Terpstra‚
1281 992 1338 1046 „ex

266 1084 399 1143 hostibus
422 1083 598 1156 ceciderant,
615 1083 722 1144 Graeci
749 1092 800 1143 aut
813 1084 938 1143 Troiani
953 1083 1101 1161 sepultum
1124 1083 1234 1143 honore
1249 1084 1337 1144 desti·

264 1203 343 1254 tutos
355 1194 491 1256 ιιύνεσσιν
506 1203 540 1253 ut
552 1194 673 1254 aiebant
689 1191 819 1254 οἰωνοῖσί
833 1211 870 1252 τε
883 1195 957 1253 πᾶσι
973 1191 1085 1276 ἑλώρια
1098 1197 1215 1277 τεῦχον.
1247 1195 1336 1253 Hanc

267 1303 322 1364 sibi
347 1306 476 1367 invicem
500 1305 708 1364 contumeliam
730 1304 827 1362 hostes
849 1303 1077 1377 minitabantur,
1099 1323 1159 1384 qua
1179 1306 1274 1364 maior
1293 1306 1337 1363 in·

267 1525 440 1603 Terpstram
454 1522 528 1585 haec
542 1525 759 1605 quodammodo
774 1544 826 1583 suo
848 1525 912 1583 iure
927 1523 1051 1608 dixisse:
1078 1543 1133 1583 nec
1152 1544 1223 1584 vero
1244 1525 1337 1583 ullum

266 1634 354 1694 rebus
370 1636 537 1694 accuratius
552 1635 744 1695 consideratis
759 1635 863 1712 fugere
877 1633 1006 1708 videtur,
1028 1634 1113 1693 illum
1133 1636 1230 1693 virum
1245 1634 1339 1693 multo

267 1745 336 1823 plus
360 1744 480 1805 dixisse.
528 1746 665 1825 Namque
689 1765 737 1804 me
762 1744 882 1825 quidem
908 1744 1006 1804 iudice
1031 1745 1166 1803 nonnulli
1189 1751 1268 1803 certe
1281 1744 1339 1803 loci

266 1875 385 1934 prorsus
408 1856 495 1915 aliter
514 1856 686 1936 explicandi
701 1864 779 1914 sunt.
824 1855 931 1915 Statim
947 1855 1026 1914 enim
1041 1855 1127 1913 initio
1143 1853 1249 1912 Iliadis
1263 1853 1337 1912 haec

268 1964 360 2023 verba
375 1943 522 2042 leguntur,
538 1967 568 2024 A
584 1970 603 2026 3
619 1986 673 2045 sqq

418 2141 534 2214 πολλὰς
549 2132 575 2202 δ’
594 2139 727 2228 ἰφθίμους
741 2137 837 2227 ψυχὰς
846 2133 931 2204 “Arda
944 2137 1089 2226 προΐαψεν

417 2249 531 2334 ἡρώων,
547 2247 657 2324 αὐτοὺς
673 2244 708 2313 δὲ
724 2251 836 2338 ἑλώρια
850 2255 939 2336 τεῦχε
953 2256 1090 2314 κύνεσσιν

419 2359 549 2424 οἰωνοῖσί
564 2384 600 2423 τε
615 2369 699 2424 πᾶσι.

331 2543 389 2600 His
412 2549 512 2601 autem
531 2560 569 2601 ex
588 2539 723 2601 versibus
744 2541 821 2601 nihil
843 2540 926 2601 aliud
948 2509 1184 2602 concludendum
1205 2547 1258 2614 eat,
1280 2541 1338 2599 uisi

269 2652 349 2732 quod
375 2654 464 2711 etiam
491 2653 551 2711 illia
575 2651 757 2730 temporibus
781 2653 937 2712 homericis
963 2654 1040 2712 caesi
1066 2653 1163 2711 hostes
1188 2649 1285 2710 medio
1305 2650 1337 2708 in

266 2783 369 2841 campo
392 2765 522 2822 iacentes
542 2761 581 2820 ab
601 2762 705 2822 avibus
727 2763 907 2843 canibusque
930 2764 1051 2822 lacerati
1074 2782 1110 2820 ac
1132 2761 1239 2821 comesi
1259 2768 1336 2819 sunt.

265 2872 465 2952 Respicienda
488 2893 605 2952 quoque
627 2881 695 2931 suut
717 2874 855 2933 Hectoris
876 2873 982 2946 verba,
1001 2874 1052 2952 qui
1068 2869 1100 2932 ll
1122 2874 1183 2933 836
1198 2869 1338 2930 Patroclo

265 2983 431 3041 minitatur:

418 3147 452 3212 σὲ
468 3141 542 3213 δέτ)
562 3144 670 3215 ἐνθάδε
685 3157 776 3239 γῦπες
792 3144 923 3214 ἔδονται.

331 3328 511 3390 Conferendi
525 3338 594 3390 sunt
616 3334 706 3392 etiam
727 3351 829 3392 versus
848 3333 899 3411 qui
915 3329 945 3391 Θ
963 3334 1023 3391 379
1039 3327 1065 3390 Ρ
1081 3332 1141 3390 127
1158 3323 1188 3388 Χ
1204 3330 1243 3389 89
1259 3321 1279 3408 ψ
1296 3330 1333 3388 21

267 3438 416 3516 leguntur.
476 3439 532 3501 Oui
566 3441 686 3522 quidem
723 3441 892 3500 crudelitati
925 3441 1014 3518 longe
1049 3441 1142 3500 maior
1170 3439 1340 3498 humanitas

267 3552 402 3629 opposita
416 3558 488 3610 erat.
531 3552 610 3611 Tum
625 3553 704 3611 euim
719 3552 778 3610 iam
793 3553 889 3629 pactis
904 3552 1095 3610 constitutum
1115 3568 1178 3610 esse
1192 3548 1342 3621 videmus,

263 3666 297 3718 ut
321 3660 483 3719 occisorum
502 3661 631 3720 hostium
654 3680 775 3740 corpora
801 3658 996 3720 redderentur
1014 3668 1189 3739 tempusque
1208 3656 1338 3730 daretur,

263 3788 322 3849 quo
337 3770 456 3849 sepeliri
471 3777 617 3847 poterant.
659 3771 751 3832 Cuius
765 3772 854 3830 moris
870 3770 1078 3829 documentum
1092 3768 1232 3829 Hectoris
1246 3764 1338 3826 verba

263 3878 419 3959 praebent,
453 3880 505 3958 qui
536 3900 604 3938 cum
629 3879 749 3940 Achille
779 3898 989 3957 congressurus
1026 3879 1100 3938 haec
1130 3877 1218 3936 dicit:
1252 3869 1336 3935 eux

264 3989 326 4047 254
342 4009 397 4068 sqq
