2994 4942
774 295 816 359 42

257 485 503 563 Laestrygoniam
530 485 660 544 venisset
674 485 710 544 iis
732 504 805 564 quos
830 484 1014 565 speculatum
1039 485 1129 558 misit,
1155 503 1332 564 praeconem

258 594 409 653 adiunxit:
433 595 470 654 cf.
486 615 505 654 κ
522 596 582 653 102

409 692 499 788 ἄνδρε
516 693 579 764 δύω
595 700 706 790 κρίνας,
721 700 866 788 τρίτατον
882 699 983 786 κῆρυχ
1003 700 1047 787 ἅμ
1072 701 1219 775 ὀπάσσας.

325 813 440 888 Quibus
462 835 528 874 cum
549 814 647 875 verbis
668 834 787 895 prorsus
807 823 982 891 congruunt,
1002 833 1079 894 quae
1094 836 1103 873 ι
1119 816 1159 874 90
1178 814 1332 892 leguntur:

245 924 309 983 sed
332 925 380 983 hic
404 944 506 984 versus
532 923 711 984 omittendus
733 932 785 999 est,
812 926 923 1004 quippe
944 925 995 1003 qui
1015 932 1046 983 et
1059 925 1091 983 in
1118 925 1236 1003 optimis
1249 923 1333 983 libris

263 1035 470 1112 manuscriptis
489 1036 642 1094 omittatur
661 1042 692 1094 et
713 1034 847 1095 versibus
870 1035 994 1094 94—95
1017 1035 1107 1113 plane
1129 1041 1276 1113 repugnet
1295 1035 1332 1093 cf.

239 1222 240 1226 ρ
256 1144 368 1217 Annis,
385 1144 519 1222 Anhang
534 1166 571 1203 zu
586 1145 713 1204 Homers
729 1144 863 1225 Odyssee
880 1147 898 1202 2
913 1164 942 1223 p.
956 1146 1005 1202 29.
1026 1144 1161 1203 Karsnn
1175 1147 1206 1204 in
1222 1145 1331 1204 ansn

259 1255 389 1314 editione
402 1253 555 1334 Odysseae
570 1253 643 1314 adl.
658 1255 678 1314 l.
714 1254 804 1315 Adde
818 1253 898 1334 quod
913 1254 1016 1314 Ulixes
1032 1275 1098 1313 cum
1111 1254 1198 1314 Aeoli
1214 1253 1332 1314 domum

256 1366 362 1425 iterum
383 1365 603 1442 aggrederetur,
625 1367 736 1449 socium
758 1373 788 1424 et
808 1384 985 1445 praeconem
1004 1384 1103 1424 secum
1124 1365 1224 1424 duxit:
1253 1383 1330 1446 quae

258 1495 304 1535 res
321 1475 527 1555 comprobatur
541 1496 560 1534 κ
576 1478 616 1536 59
633 1495 667 1554 sq

410 1575 447 1654 δὴ
463 1582 530 1647 τότ’
551 1579 613 1671 ἐγώ
629 1581 747 1668 κήρυκά
761 1582 788 1644 τ’
809 1581 1019 1667 ὀπασσάμενος
1033 1583 1087 1646 καὶ
1103 1584 1225 1668 ἑταῖρον

408 1695 464 1775 βῆν
480 1697 519 1768 εἰς
536 1692 649 1758 Αἰόλου
665 1688 765 1754 κλυτά
781 1685 922 1778 δώματα.

321 1807 386 1866 Νοε
413 1808 594 1880 omittamus,
623 1807 804 1864 Mercurium
827 1807 947 1866 iussisse
966 1807 1118 1866 Priamum
1140 1805 1235 1865 filium
1255 1805 1331 1863 solu·

258 1926 320 1974 tum
343 1925 461 1976 euntem
482 1937 658 1997 praeconem
673 1917 770 1996 sequi:
800 1915 874 1975 dicit
895 1918 975 1976 enim
989 1917 1155 1977 Mercurius
1170 1910 1205 1975 Ω
1222 1918 1282 1976 178
1299 1935 1333 1993 sq

409 2021 505 2111 κῆρύξ
519 2024 564 2099 τίς
579 2048 628 2088 τοι
643 2022 749 2088 ἕποιτο
764 2022 942 2112 γεραίτερος,
958 2025 990 2099 ὅς
1005 2024 1030 2087 κ’
1051 2021 1143 2087 ἰθύνοι

409 2133 550 2222 ἡμιόνους
565 2135 617 2197 καὶ
634 2127 757 2223 ἄμαξαν
773 2138 843 2199 κτλ.

331 2245 447 2321 Quibus
476 2249 508 2306 in
537 2246 635 2307 verbis
663 2246 835 2334 γεραίτερος
864 2268 922 2307 vox
956 2247 1142 2328 respicienda
1170 2267 1233 2306 esse
1262 2247 1336 2305 mihi

259 2354 386 2416 videtur.
432 2356 493 2417 Cur
508 2378 617 2439 praeco
632 2359 683 2418 ille
698 2368 796 2419 aetate
811 2368 967 2437 provectus
989 2378 1052 2419 esse
1071 2355 1219 2418 debebat?
1240 2354 1334 2415 Haud

260 2465 350 2526 dubie
362 2466 496 2528 Achilles
512 2489 626 2526 summa
640 2470 685 2527 ira
696 2478 800 2548 captus
811 2490 872 2528 non
886 2469 980 2528 solum
994 2469 1058 2549 ipso
1068 2487 1215 2548 praecone
1229 2486 1333 2526 verum

258 2577 349 2635 etiam
369 2585 466 2639 aetate
492 2579 644 2658 utriusque
663 2579 798 2640 advenae
824 2577 1054 2639 commovendus
1076 2586 1148 2652 erat,
1160 2586 1201 2636 -ut
1214 2578 1253 2636 iis
1266 2597 1333 2656 par·

261 2697 348 2746 ceret.
395 2687 456 2748 Sed
476 2688 611 2748 omnibus
630 2710 667 2749 ex
687 2690 770 2764 locis,
789 2710 863 2770 quos
882 2689 979 2763 attuli,
998 2696 1130 2768 apparet,
1152 2707 1332 2767 praeconum

257 2817 365 2856 munus
379 2806 531 2877 tamquam
546 2809 765 2860 sacrosanctum
778 2799 913 2860 habitum
927 2818 999 2860 esse.
1030 2799 1137 2878 Neque
1151 2799 1231 2858 enirn
1246 2797 1333 2857 aliter

259 2907 403 2987 explicari
418 2917 522 2987 potest,
539 2930 685 2989 quaenam
701 2931 790 2970 causa
805 2910 904 2985 fuerit,
919 2929 972 2969 cur
989 2909 1098 2987 legatis
1115 2908 1210 2968 missis
1225 2926 1333 2988 praeco

258 3015 434 3080 adiceretur.
489 3019 685 3080 Manifestum
718 3029 817 3080 autem
843 3027 901 3094 est,
931 3039 1093 3099 praecones
1117 3018 1184 3078 illos
1215 3037 1333 3097 prorsus

256 3133 367 3187 temere
383 3126 499 3187 additos
527 3149 599 3203 esse,
619 3132 678 3190 nisi
702 3130 797 3208 legati
816 3131 888 3210 ipsis
905 3130 973 3219 ‚illis
998 3127 1194 3209 praeconibus
1217 3127 1333 3188 defensi

255 3244 359 3296 essent.
414 3237 507 3298 Vides
534 3240 624 3317 igitur
650 3241 884 3301 luculentissima
909 3241 984 3300 haec
1008 3258 1072 3299 esse
1098 3239 1171 3298 iuris
1195 3239 1331 3317 gentium

256 3347 392 3424 vestigia.
448 3347 491 3408 At
520 3350 580 3408 alia
610 3352 702 3410 ctiam
727 3353 846 3411 maioris
874 3351 1016 3410 momenti
1041 3349 1181 3430 exempla
1205 3356 1332 3409 exstant.

258 3456 425 3517 Praecones
445 3462 523 3518 enim
544 3481 676 3541 pugnam
702 3463 894 3542 interrupisse
912 3459 1084 3520 traduntur:
1100 3460 1139 3519 cf.
1153 3454 1185 3519 H
1202 3461 1262 3518 273
1278 3479 1333 3538 sqq

408 3564 460 3629 καί
475 3567 509 3630 νύ
526 3590 560 3632 κε
576 3560 613 3640 δὴ
630 3562 755 3656 ξιφέεσέ
775 3560 962 3656 αὐτοοχεδὸν
978 3558 1158 3646 οὐτάζοντο,

409 3681 435 3739 εἰ
450 3677 491 3763 μὴ
507 3679 643 3767 κήρυκες,
659 3676 729 3754 Διὸς
744 3679 873 3768 ἄγγελοι
887 3670 944 3748 ἠδὲ
959 3678 1012 3742 καὶ
1028 3669 1156 3764 ἀνδρῶν,

405 3781 507 3867 ἦλθον,
522 3789 538 3852 ὁ
554 3789 610 3876 μὲν
625 3789 741 3877 Τρώων
758 3789 774 3853 ὁ
789 3774 816 3852 d'
832 3786 969 3874 Ἀχαιῶν
984 3785 1232 3875 χαλκοχιτώνων,

407 4007 509 4092 μέσσῳ
524 4001 550 4071 δ’
571 4009 753 4096 ἀμφοτέρων
770 4018 912 4093 σκῆπτρα
928 4006 1032 4094 οχέθον
1048 4011 1120 4073 κτλ.
