3000 4914
704 308 767 400 *25

212 483 325 555 εἰδέναι
340 493 395 556 οὐκ
411 483 627 566 ὀνειδιζόντων.
672 495 728 555 Cui
746 497 806 554 iam
825 495 1016 556 Aristarchus
1034 499 1216 570 (notissimus
1230 503 1282 561 ille
1321 523 1336 550 s

212 606 433 681 grammaticus)
455 605 607 665 oblocutus
623 615 674 664 est.
711 606 867 682 Leguntur
882 608 962 665 enim
977 608 1009 666 in
1024 606 1135 666 scholio
1149 604 1189 664 ad
1204 624 1224 690 γ
1241 607 1278 661 71

211 716 286 775 haec
300 715 406 775 verba:
428 712 621 776 καθάπτεται
636 706 669 775 δὲ
685 713 737 775 καὶ
753 705 946 776 Θουκυδίδου
958 712 1158 800 Ἀρίσταρχος
1177 710 1281 798 λέγον-

212 843 265 895 τος
280 821 321 895 οίς
336 821 392 885 οὐκ
407 819 529 909 αἰσχρὸν
544 827 677 910 ἡγοῦντο
693 819 731 885 τὸ
746 814 900 898 ληίζεσθαι
920 830 948 886 οἱ
966 825 1102 903 παλαιοὶ,
1118 825 1150 885 έν
1167 816 1209 896 οἷς
1224 841 1281 907 φη·

212 930 267 993 τίν’
289 934 362 1006 ιιοὕς
381 955 432 1018 μοι
446 933 595 1005 ληίσσατο
612 925 674 1006 δῖος
689 926 900 1006 Ὀθυσσεός”.
944 937 1010 996 Nec
1029 956 1099 996 vcro
1121 936 1207 1014 parvi
1221 955 1282 992 mo·

212 1046 306 1103 menti
321 1044 358 1103 ad
374 1045 451 1104 hanc
466 1066 528 1105 rem
543 1046 753 1125 explicandam
768 1055 812 1107 est
831 1066 933 1106 versus
948 1041 965 1123 ξ
986 1049 1046 1104 262
1067 1045 1279 1124 interpretatio.

213 1152 261 1212 Ibi
276 1156 356 1215 enim
371 1155 407 1215 de
420 1157 519 1215 Ulixis
535 1157 621 1214 sociis
636 1156 753 1230 dicitur,
769 1158 820 1235 qui
836 1155 920 1221 ducis
934 1165 1094 1235 praecepta
1108 1162 1283 1235 spreverunt

213 1273 243 1322 et
257 1265 289 1324 in
304 1265 472 1345 Aegyptios
488 1267 630 1344 impetum
645 1267 787 1326 fecerunt.
819 1267 937 1345 Scripta
952 1268 1031 1325 enim
1047 1267 1120 1326 haec
1135 1272 1218 1324 sunt:

366 1373 421 1436 ἔνθ’
439 1372 508 1444 ἤτοι
524 1372 579 1458 μὲν
595 1370 656 1460 ἐγὼ
672 1374 804 1460 κελόμην
820 1373 937 1460 ἐρίηρας
952 1373 1088 1461 ἑταίρους

365 1484 460 1545 αὐτοῦ
476 1480 536 1568 πὰρ
553 1483 652 1556 νήεσσι
668 1484 767 1571 μένειν
783 1485 835 1546 καὶ
851 1493 923 1558 νῆας
940 1483 1067 1570 ἔρυσθαι,

365 1593 499 1677 ὀπτῆρας
514 1586 548 1656 δὲ
562 1590 645 1656 κατὰ
660 1591 786 1668 σκοπιὰς
801 1593 922 1680 ὤτρυνα
936 1593 1062 1658 νέεσθαι·
1143 1587 1144 1591 “

366 1703 393 1765 ol
408 1696 434 1766 δ’
453 1705 533 1792 ὕβρει
549 1701 690 1784 εἴξαντες,
706 1705 896 1789 ἐπισπόμενοι
911 1704 994 1789 μένεϊ
1005 1709 1080 1785 σιρῷ,

365 1810 440 1898 αἶψα
455 1814 524 1900 μάλ’
545 1814 721 1903 Αἰγυπτίων
737 1803 855 1902 ἀνθρῶν
870 1812 1070 1901 περικαλλέας
1085 1813 1203 1900 ἀγρούς,

365 1923 489 2011 πόρθεον
505 1928 575 1991 κτλ.
864 1997 866 2000 .

279 2035 394 2110 Quibus
404 2038 436 2096 in
446 2037 544 2097 verbis
552 2039 843 2099 Naucanssncnrns
855 2039 875 2097 l.
887 2039 906 2096 l.
918 2059 947 2117 p.
960 2039 1020 2098 295
1037 2035 1116 2119 ὕβρις
1127 2055 1231 2095 vocem
1241 2037 1284 2095 ita

215 2154 436 2224 rnterpretatur,
453 2156 486 2206 ut
501 2150 638 2207 iniuriam
655 2150 723 2207 duci
738 2149 860 2207 allatam
881 2148 1035 2225 significet,
1051 2148 1284 2208 Sononnsunus

215 2264 314 2315 autem
357 2256 474 2317 Griech.
513 2259 641 2318 Alterth.
683 2260 741 2319 vol.
781 2263 797 2318 1
835 2280 864 2338 p.
902 2261 942 2318 47
989 2256 1153 2331 concludit,
1200 2257 1284 2315 illum

215 2365 386 2426 Cretensem
403 2402 442 2411 -
459 2370 510 2449 qui
525 2369 598 2428 haec
613 2369 705 2429 verba
729 2369 827 2428 dicere
841 2369 964 2446 fingitur
974 2401 1016 2410 —
1032 2367 1158 2446 praedas
1186 2367 1284 2427 facere

219 2478 339 2536 omnino
354 2479 492 2538 iniuriam
514 2479 660 2540 habuisse.
705 2481 773 2540 Utri
797 2481 959 2539 sententiae
981 2479 1075 2537 maior
1095 2476 1288 2556 probabilitas

217 2587 376 2648 tribuenda
402 2590 452 2662 sit,
478 2590 537 2648 iam
568 2599 699 2649 nostrum
729 2599 774 2650 est
797 2591 908 2650 videre.
961 2589 1000 2648 In
1025 2589 1166 2647 Duncani
1191 2588 1287 2647 lexico

214 2698 361 2757 homerico
377 2719 394 2757 a
409 2700 511 2757 Rostio
527 2699 605 2758 edito
622 2701 674 2758 illa
689 2699 780 2758 verba
802 2700 834 2757 in
849 2701 929 2758 hunc
944 2699 1064 2758 modum
1087 2699 1286 2776 explicantur:

215 2811 264 2885 „oi
282 2795 392 2892 θἰίβρει
408 2803 542 2884 εἴξαντες
561 2808 748 2892 ἑπιςπόμενοι
768 2805 849 2891 μένεϊ
872 2811 937 2890 σφῷ
952 2803 969 2882 ξ
986 2811 1045 2866 262
1070 2809 1139 2893 (=p
1155 2807 1230 2885 431)
1255 2806 1286 2866 hi

218 2939 289 2977 vero
311 2920 437 2977 iniuriae
459 2939 528 2978 suae
552 2920 650 2978 locum
673 2918 777 2977 dantes
800 2928 830 2977 et
852 2919 1045 2999 obsequentes
1066 2917 1184 2977 libidini
1205 2935 1285 2988 suae,

215 3027 263 3086 die
286 3029 378 3087 ihrem
395 3028 505 3088 Triebc
526 3019 863 3106 zur'Ungerechtiglreit
877 3029 964 3087 Platz
987 3029 1085 3106 gaben
1106 3027 1169 3086 und
1191 3027 1286 3085 ihrem

216 3138 404 3197 Muthwillen
420 3140 563 3216 folgten.“
605 3138 690 3213 Quae
705 3138 824 3218 quidem
840 3140 949 3197 iniuria
963 3146 1098 3197 nontam
1113 3136 1182 3195 duci
1196 3156 1284 3215 quam

215 3249 271 3306 diis
295 3248 379 3306 illata
401 3258 452 3309 est.
497 3249 555 3308 Ille
577 3250 654 3308 enim
681 3251 728 3308 vir
744 3248 901 3322 Cretensis,
927 3269 1014 3327 quem
1030 3249 1135 3307 Ulixes
1163 3266 1194 3306 se
1223 3265 1286 3304 esse

215 3358 333 3417 simulat
363 3361 504 3437 cuiusque
532 3359 623 3418 verba
646 3353 663 3436 ξ
693 3361 754 3417 262
785 3358 957 3430 afferuntur,
988 3356 1068 3431 dicit,
1098 3358 1190 3416 socios
1218 3376 1286 3414 suos

214 3469 353 3527 iniuriam
375 3469 479 3528 fecisse
501 3489 535 3527 eo
557 3469 636 3548 quod
651 3469 870 3548 Aegyptiorum
894 3489 980 3545 agros
1002 3472 1175 3526 vastassent.
1218 3466 1285 3525 Iam

213 3597 283 3636 vero
292 3578 551 3638 Auraunmrnrus
560 3580 591 3637 in
600 3581 850 3639 NAaoanaAcffl
857 3578 933 3636 libro
941 3577 978 3636 de
990 3576 1078 3636 theol.
1088 3578 1165 3635 hom.
1177 3576 1286 3654 scripto

214 3698 313 3766 negat,
340 3690 399 3748 dici
424 3708 509 3768 posse
543 3689 632 3747 aliam
664 3690 802 3748 iniuriam
837 3710 925 3768 quam
955 3687 1024 3744 duci
1051 3686 1172 3745 allatam
1205 3683 1286 3764 quod

216 3799 373 3860 Cretenses
388 3801 433 3859 illi
449 3808 604 3879 propterea
618 3807 734 3858 tantum
751 3799 790 3858 ad
804 3798 978 3878 Aegyptum
1001 3814 1093 3855 naves
1108 3795 1286 3875 appulerint,

215 3919 248 3969 ut
271 3931 358 3987 agros
380 3919 532 3970 vastarent
554 3912 745 3988 hominesque
768 3918 916 3989 caperent.
967 3908 1063 3981 „Eine
1082 3905 1285 3965 Kauffarthei·

214 4022 325 4094 flotte,“
340 4022 437 4100 inquit
453 4021 718 4092 Aurnnsmrnrus,
736 4021 792 4094 „ist
807 4040 838 4079 es
853 4019 960 4095 gewiss
975 4019 1066 4088 nicht,
1078 4018 1131 4075 wir
1147 4015 1284 4075 erfahren
