<?xml version="1.0" encoding="UTF-8"?>
<!DOCTYPE html PUBLIC "-//W3C//DTD XHTML 1.0 Transitional//EN"
    "http://www.w3.org/TR/xhtml1/DTD/xhtml1-transitional.dtd">
<html xmlns="http://www.w3.org/1999/xhtml" xml:lang="en" lang="en">
 <head>
  <title>
</title>
<meta http-equiv="Content-Type" content="text/html;charset=utf-8" />
  <meta name='ocr-system' content='tesseract 3.04.00' />
  <meta name='ocr-capabilities' content='ocr_page ocr_carea ocr_par ocr_line ocrx_word'/>
</head>
<body>
  <div class='ocr_page' id='page_1' title='image "./devestigiisiuri01sorggoog_0044.png"; bbox 0 0 2994 4942; ppageno 0'>
   <div class='ocr_carea' id='block_1_1' title="bbox 661 289 704 352">
    <p class='ocr_par' dir='ltr' id='par_1_1' title="bbox 661 289 704 352">
     <span class='ocr_line' id='line_1_1' title="bbox 661 289 704 352; baseline 0 0"><span class='ocrx_word' id='word_1_1' title='bbox 661 289 704 352; x_wconf 85' lang='lat'><strong>43</strong></span> 
     </span>
    </p>
   </div>
   <div class='ocr_carea' id='block_1_2' title="bbox 147 475 1221 3318">
    <p class='ocr_par' dir='ltr' id='par_1_2' title="bbox 149 475 1220 1329">
     <span class='ocr_line' id='line_1_2' title="bbox 212 475 1219 559; baseline 0.005 -25"><span class='ocrx_word' id='word_1_2' title='bbox 212 475 273 535; x_wconf 91' lang='lat' dir='ltr'><strong>Hic</strong></span> <span class='ocrx_word' id='word_1_3' title='bbox 298 479 499 558; x_wconf 89' lang='lat' dir='ltr'><strong>unusquisque</strong></span> <span class='ocrx_word' id='word_1_4' title='bbox 524 478 682 556; x_wconf 80' lang='lat' dir='ltr'>intellegit,</span> <span class='ocrx_word' id='word_1_5' title='bbox 714 487 827 558; x_wconf 84' lang='lat' dir='ltr'><strong>quanta</strong></span> <span class='ocrx_word' id='word_1_6' title='bbox 852 498 1031 559; x_wconf 87' lang='lat' dir='ltr'><strong>praeconum</strong></span> <span class='ocrx_word' id='word_1_7' title='bbox 1059 481 1219 540; x_wconf 87' lang='lat' dir='ltr'><strong>auctoritas</strong></span> 
     </span>
     <span class='ocr_line' id='line_1_3' title="bbox 149 585 1219 670; baseline 0.006 -27"><span class='ocrx_word' id='word_1_8' title='bbox 149 587 252 644; x_wconf 85' lang='lat' dir='ltr'><strong>fuerit:</strong></span> <span class='ocrx_word' id='word_1_9' title='bbox 283 585 321 645; x_wconf 91' lang='lat' dir='ltr'><strong>ab</strong></span> <span class='ocrx_word' id='word_1_10' title='bbox 345 589 476 666; x_wconf 90' lang='lat' dir='ltr'><strong>utrisque</strong></span> <span class='ocrx_word' id='word_1_11' title='bbox 495 590 576 648; x_wconf 92' lang='lat' dir='ltr'><strong>missi</strong></span> <span class='ocrx_word' id='word_1_12' title='bbox 601 598 670 648; x_wconf 89' lang='lat' dir='ltr'><strong>sunt</strong></span> <span class='ocrx_word' id='word_1_13' title='bbox 689 598 718 648; x_wconf 92' lang='lat' dir='ltr'><strong>ct</strong></span> <span class='ocrx_word' id='word_1_14' title='bbox 733 610 751 648; x_wconf 78' lang='lat' dir='ltr'><strong>a</strong></span> <span class='ocrx_word' id='word_1_15' title='bbox 769 590 908 649; x_wconf 79' lang='lat' dir='ltr'>Troianis</span> <span class='ocrx_word' id='word_1_16' title='bbox 933 597 963 650; x_wconf 91' lang='lat' dir='ltr'><strong>et</strong></span> <span class='ocrx_word' id='word_1_17' title='bbox 988 611 1006 648; x_wconf 88' lang='lat' dir='ltr'><strong>a</strong></span> <span class='ocrx_word' id='word_1_18' title='bbox 1021 589 1153 664; x_wconf 84' lang='lat' dir='ltr'><strong>Graecis,</strong></span> <span class='ocrx_word' id='word_1_19' title='bbox 1168 592 1219 670; x_wconf 90' lang='lat' dir='ltr'><strong>qui</strong></span> 
     </span>
     <span class='ocr_line' id='line_1_4' title="bbox 150 695 1219 780; baseline 0.007 -28"><span class='ocrx_word' id='word_1_20' title='bbox 150 695 335 774; x_wconf 84' lang='lat' dir='ltr'><strong>impedirent,</strong></span> <span class='ocrx_word' id='word_1_21' title='bbox 350 699 507 777; x_wconf 81' lang='lat' dir='ltr'>quominus</span> <span class='ocrx_word' id='word_1_22' title='bbox 521 698 635 759; x_wconf 83' lang='lat' dir='ltr'>Hector</span> <span class='ocrx_word' id='word_1_23' title='bbox 649 708 679 759; x_wconf 94' lang='lat' dir='ltr'><strong>et</strong></span> <span class='ocrx_word' id='word_1_24' title='bbox 693 698 774 758; x_wconf 83' lang='lat' dir='ltr'><strong>Aiax</strong></span> <span class='ocrx_word' id='word_1_25' title='bbox 795 719 929 779; x_wconf 83' lang='lat' dir='ltr'><strong>pugnare</strong></span> <span class='ocrx_word' id='word_1_26' title='bbox 947 707 1113 780; x_wconf 79' lang='lat' dir='ltr'><strong>pergerent.</strong></span> <span class='ocrx_word' id='word_1_27' title='bbox 1153 699 1219 760; x_wconf 89' lang='lat' dir='ltr'><strong>Nec</strong></span> 
     </span>
     <span class='ocr_line' id='line_1_5' title="bbox 151 806 1218 890; baseline 0.007 -27"><span class='ocrx_word' id='word_1_28' title='bbox 151 826 212 864; x_wconf 90' lang='lat' dir='ltr'><strong>non</strong></span> <span class='ocrx_word' id='word_1_29' title='bbox 227 806 271 865; x_wconf 92' lang='lat' dir='ltr'><strong>illi</strong></span> <span class='ocrx_word' id='word_1_30' title='bbox 287 808 386 866; x_wconf 87' lang='lat' dir='ltr'><strong>statim</strong></span> <span class='ocrx_word' id='word_1_31' title='bbox 401 828 512 868; x_wconf 91' lang='lat' dir='ltr'><strong>morem</strong></span> <span class='ocrx_word' id='word_1_32' title='bbox 526 817 681 886; x_wconf 86' lang='lat' dir='ltr'><strong>gesserunt</strong></span> <span class='ocrx_word' id='word_1_33' title='bbox 701 810 859 889; x_wconf 82' lang='lat' dir='ltr'><strong>statimque</strong></span> <span class='ocrx_word' id='word_1_34' title='bbox 884 829 988 890; x_wconf 85' lang='lat' dir='ltr'><strong>pugna</strong></span> <span class='ocrx_word' id='word_1_35' title='bbox 1004 809 1218 870; x_wconf 84' lang='lat' dir='ltr'><strong>abstinuerunt.</strong></span> 
     </span>
     <span class='ocr_line' id='line_1_6' title="bbox 151 916 1219 998; baseline 0.006 -24"><span class='ocrx_word' id='word_1_36' title='bbox 151 916 317 975; x_wconf 87' lang='lat' dir='ltr'><strong>Praecones</strong></span> <span class='ocrx_word' id='word_1_37' title='bbox 337 927 436 976; x_wconf 84' lang='lat' dir='ltr'><strong>autem</strong></span> <span class='ocrx_word' id='word_1_38' title='bbox 455 937 588 998; x_wconf 85' lang='lat' dir='ltr'><strong>pugnam</strong></span> <span class='ocrx_word' id='word_1_39' title='bbox 606 919 782 992; x_wconf 85' lang='lat' dir='ltr'><strong>finiverunt,</strong></span> <span class='ocrx_word' id='word_1_40' title='bbox 802 921 912 998; x_wconf 88' lang='lat' dir='ltr'><strong>quippe</strong></span> <span class='ocrx_word' id='word_1_41' title='bbox 931 939 1054 998; x_wconf 89' lang='lat' dir='ltr'><strong>quorum</strong></span> <span class='ocrx_word' id='word_1_42' title='bbox 1074 922 1219 994; x_wconf 73' lang='lat' dir='ltr'><strong>cesetius</strong></span> 
     </span>
     <span class='ocr_line' id='line_1_7' title="bbox 151 1027 1219 1109; baseline 0.007 -26"><span class='ocrx_word' id='word_1_43' title='bbox 151 1027 341 1107; x_wconf 85' lang='lat' dir='ltr'><strong>ordinemque</strong></span> <span class='ocrx_word' id='word_1_44' title='bbox 362 1046 488 1088; x_wconf 85' lang='lat' dir='ltr'><strong>servare.</strong></span> <span class='ocrx_word' id='word_1_45' title='bbox 537 1027 668 1108; x_wconf 85' lang='lat' dir='ltr'><strong>Ideoque</strong></span> <span class='ocrx_word' id='word_1_46' title='bbox 689 1029 877 1103; x_wconf 87' lang='lat' dir='ltr'><strong>factumest,</strong></span> <span class='ocrx_word' id='word_1_47' title='bbox 897 1037 1109 1109; x_wconf 90' lang='lat' dir='ltr'><strong>utpraecones</strong></span> <span class='ocrx_word' id='word_1_48' title='bbox 1130 1032 1219 1090; x_wconf 88' lang='lat' dir='ltr'><strong>etiam</strong></span> 
     </span>
     <span class='ocr_line' id='line_1_8' title="bbox 150 1137 1220 1220; baseline 0.004 -24"><span class='ocrx_word' id='word_1_49' title='bbox 150 1137 288 1197; x_wconf 80' lang='lat' dir='ltr'><strong>adessent</strong></span> <span class='ocrx_word' id='word_1_50' title='bbox 303 1159 371 1198; x_wconf 91' lang='lat' dir='ltr'><strong>cum</strong></span> <span class='ocrx_word' id='word_1_51' title='bbox 386 1137 484 1198; x_wconf 90' lang='lat' dir='ltr'><strong>medie</strong></span> <span class='ocrx_word' id='word_1_52' title='bbox 495 1140 524 1198; x_wconf 91' lang='lat' dir='ltr'><strong>in</strong></span> <span class='ocrx_word' id='word_1_53' title='bbox 541 1141 651 1218; x_wconf 90' lang='lat' dir='ltr'><strong>populo</strong></span> <span class='ocrx_word' id='word_1_54' title='bbox 662 1141 812 1219; x_wconf 85' lang='lat' dir='ltr'><strong>principes</strong></span> <span class='ocrx_word' id='word_1_55' title='bbox 827 1140 1008 1215; x_wconf 88' lang='lat' dir='ltr'><strong>sortirentur,</strong></span> <span class='ocrx_word' id='word_1_56' title='bbox 1023 1142 1070 1199; x_wconf 91' lang='lat' dir='ltr'><strong>cui</strong></span> <span class='ocrx_word' id='word_1_57' title='bbox 1085 1161 1220 1220; x_wconf 83' lang='lat' dir='ltr'><strong>pugnan-</strong></span> 
     </span>
     <span class='ocr_line' id='line_1_9' title="bbox 150 1243 1025 1329; baseline 0.005 -26"><span class='ocrx_word' id='word_1_58' title='bbox 150 1247 220 1321; x_wconf 84' lang='lat' dir='ltr'><strong>dum</strong></span> <span class='ocrx_word' id='word_1_59' title='bbox 235 1257 318 1308; x_wconf 90' lang='lat' dir='ltr'><strong>esset.</strong></span> <span class='ocrx_word' id='word_1_60' title='bbox 364 1248 461 1323; x_wconf 79' lang='lat' dir='ltr'><strong>Quam</strong></span> <span class='ocrx_word' id='word_1_61' title='bbox 476 1248 587 1309; x_wconf 81' lang='lat' dir='ltr'><strong>adrem</strong></span> <span class='ocrx_word' id='word_1_62' title='bbox 603 1250 736 1309; x_wconf 85' lang='lat' dir='ltr'><strong>conferre</strong></span> <span class='ocrx_word' id='word_1_63' title='bbox 750 1250 833 1308; x_wconf 82' lang='lat' dir='ltr'><strong>iuvat</strong></span> <span class='ocrx_word' id='word_1_64' title='bbox 848 1243 878 1308; x_wconf 94' lang='lat' dir='ltr'><strong>H</strong></span> <span class='ocrx_word' id='word_1_65' title='bbox 895 1251 953 1309; x_wconf 87' lang='grc'><strong>181</strong></span> <span class='ocrx_word' id='word_1_66' title='bbox 970 1270 1025 1329; x_wconf 91' lang='lat' dir='ltr'><strong>sqq</strong></span> 
     </span>
    </p>

    <p class='ocr_par' dir='ltr' id='par_1_3' title="bbox 300 1346 1125 1664">
     <span class='ocr_line' id='line_1_10' title="bbox 300 1346 1125 1444; baseline 0.002 -25"><span class='ocrx_word' id='word_1_67' title='bbox 300 1356 341 1430; x_wconf 78' lang='grc' dir='ltr'><strong>ὥς</strong></span> <span class='ocrx_word' id='word_1_68' title='bbox 357 1355 399 1442; x_wconf 86' lang='grc' dir='ltr'><strong>ἄρ’</strong></span> <span class='ocrx_word' id='word_1_69' title='bbox 420 1359 504 1442; x_wconf 79' lang='grc' dir='ltr'>ἔροιν,</span> <span class='ocrx_word' id='word_1_70' title='bbox 519 1356 636 1420; x_wconf 85' lang='grc' dir='ltr'>πάλλεν</span> <span class='ocrx_word' id='word_1_71' title='bbox 652 1346 687 1420; x_wconf 85' lang='grc' dir='ltr'><strong>θὲ</strong></span> <span class='ocrx_word' id='word_1_72' title='bbox 701 1356 839 1443; x_wconf 80' lang='grc' dir='ltr'>Γερήνιος</span> <span class='ocrx_word' id='word_1_73' title='bbox 855 1357 972 1421; x_wconf 76' lang='grc' dir='ltr'>ἱππότα</span> <span class='ocrx_word' id='word_1_74' title='bbox 986 1355 1125 1444; x_wconf 78' lang='grc' dir='ltr'><strong>Νέστωρ,</strong></span> 
     </span>
     <span class='ocr_line' id='line_1_11' title="bbox 302 1459 1079 1555; baseline 0.001 -26"><span class='ocrx_word' id='word_1_75' title='bbox 302 1467 338 1529; x_wconf 74' lang='grc' dir='ltr'><strong>ἐκ</strong></span> <span class='ocrx_word' id='word_1_76' title='bbox 353 1459 378 1528; x_wconf 69' lang='grc' dir='ltr'><strong>θ’</strong></span> <span class='ocrx_word' id='word_1_77' title='bbox 398 1465 479 1552; x_wconf 77' lang='grc' dir='ltr'>ἔθορε</span> <span class='ocrx_word' id='word_1_78' title='bbox 494 1469 603 1552; x_wconf 78' lang='grc' dir='ltr'>κλῆρος</span> <span class='ocrx_word' id='word_1_79' title='bbox 618 1467 734 1549; x_wconf 81' lang='grc' dir='ltr'>κυνέης,</span> <span class='ocrx_word' id='word_1_80' title='bbox 749 1468 783 1531; x_wconf 87' lang='grc' dir='ltr'><strong>ὃν</strong></span> <span class='ocrx_word' id='word_1_81' title='bbox 798 1467 841 1555; x_wconf 82' lang='grc' dir='ltr'><strong>ἄρ’</strong></span> <span class='ocrx_word' id='word_1_82' title='bbox 861 1466 966 1539; x_wconf 80' lang='grc' dir='ltr'>ἤθελον</span> <span class='ocrx_word' id='word_1_83' title='bbox 982 1467 1079 1549; x_wconf 69' lang='lat' dir='ltr'><strong>aeret,</strong></span> 
     </span>
     <span class='ocr_line' id='line_1_12' title="bbox 303 1568 1036 1664; baseline 0.004 -26"><span class='ocrx_word' id='word_1_84' title='bbox 303 1574 442 1651; x_wconf 80' lang='grc' dir='ltr'>Αἴαντος·</span> <span class='ocrx_word' id='word_1_85' title='bbox 456 1568 550 1663; x_wconf 66' lang='grc' dir='ltr'>κῆρυξ</span> <span class='ocrx_word' id='word_1_86' title='bbox 566 1571 601 1640; x_wconf 77' lang='grc' dir='ltr'><strong>δὲ</strong></span> <span class='ocrx_word' id='word_1_87' title='bbox 615 1578 713 1664; x_wconf 80' lang='grc' dir='ltr'>φέρων</span> <span class='ocrx_word' id='word_1_88' title='bbox 728 1578 771 1640; x_wconf 87' lang='grc' dir='ltr'><strong>ἀν’</strong></span> <span class='ocrx_word' id='word_1_89' title='bbox 789 1576 896 1664; x_wconf 88' lang='grc' dir='ltr'>ὅμιλον</span> <span class='ocrx_word' id='word_1_90' title='bbox 912 1579 1036 1662; x_wconf 75' lang='grc' dir='ltr'>ἁπάντη</span> 
     </span>
    </p>

    <p class='ocr_par' dir='ltr' id='par_1_4' title="bbox 302 1677 983 1775">
     <span class='ocr_line' id='line_1_13' title="bbox 302 1677 983 1775; baseline 0.007 -28"><span class='ocrx_word' id='word_1_91' title='bbox 302 1679 372 1762; x_wconf 75' lang='grc' dir='ltr'>δεῖξ’</span> <span class='ocrx_word' id='word_1_92' title='bbox 392 1677 512 1768; x_wconf 77' lang='grc' dir='ltr'>ἐνδέξια</span> <span class='ocrx_word' id='word_1_93' title='bbox 525 1696 617 1751; x_wconf 80' lang='grc' dir='ltr'>πᾶσιν</span> <span class='ocrx_word' id='word_1_94' title='bbox 633 1688 823 1773; x_wconf 72' lang='grc' dir='ltr'>ἀριστήεσσιν</span> <span class='ocrx_word' id='word_1_95' title='bbox 836 1687 983 1775; x_wconf 82' lang='grc' dir='ltr'>Ἀχαιῶν.</span> 
     </span>
    </p>

    <p class='ocr_par' dir='ltr' id='par_1_5' title="bbox 150 1799 1221 2429">
     <span class='ocr_line' id='line_1_14' title="bbox 215 1799 1220 1881; baseline 0.003 -23"><span class='ocrx_word' id='word_1_96' title='bbox 215 1799 324 1877; x_wconf 86' lang='lat' dir='ltr'><strong>Legati</strong></span> <span class='ocrx_word' id='word_1_97' title='bbox 340 1808 438 1859; x_wconf 88' lang='lat' dir='ltr'><strong>autem</strong></span> <span class='ocrx_word' id='word_1_98' title='bbox 451 1801 509 1860; x_wconf 90' lang='lat' dir='ltr'><strong>iam</strong></span> <span class='ocrx_word' id='word_1_99' title='bbox 525 1800 576 1859; x_wconf 92' lang='lat' dir='ltr'><strong>illo</strong></span> <span class='ocrx_word' id='word_1_100' title='bbox 587 1808 719 1881; x_wconf 90' lang='lat' dir='ltr'><strong>tempere</strong></span> <span class='ocrx_word' id='word_1_101' title='bbox 734 1802 851 1862; x_wconf 88' lang='lat' dir='ltr'><strong>heroico</strong></span> <span class='ocrx_word' id='word_1_102' title='bbox 862 1804 942 1861; x_wconf 90' lang='lat' dir='ltr'><strong>missi</strong></span> <span class='ocrx_word' id='word_1_103' title='bbox 959 1809 1036 1874; x_wconf 86' lang='lat' dir='ltr'><strong>sunt,</strong></span> <span class='ocrx_word' id='word_1_104' title='bbox 1047 1802 1098 1881; x_wconf 90' lang='lat' dir='ltr'><strong>qui</strong></span> <span class='ocrx_word' id='word_1_105' title='bbox 1110 1801 1220 1861; x_wconf 85' lang='lat' dir='ltr'><strong>bellum</strong></span> 
     </span>
     <span class='ocr_line' id='line_1_15' title="bbox 151 1907 1220 1994; baseline 0.006 -29"><span class='ocrx_word' id='word_1_106' title='bbox 151 1907 330 1969; x_wconf 78' lang='lat' dir='ltr'><strong>indicerent:</strong></span> <span class='ocrx_word' id='word_1_107' title='bbox 351 1912 393 1969; x_wconf 89' lang='lat' dir='ltr'><strong>ita</strong></span> <span class='ocrx_word' id='word_1_108' title='bbox 408 1911 511 1970; x_wconf 90' lang='lat' dir='ltr'><strong>utiam</strong></span> <span class='ocrx_word' id='word_1_109' title='bbox 525 1908 659 1994; x_wconf 83' lang='grc' dir='ltr'>πόλεμος</span> <span class='ocrx_word' id='word_1_110' title='bbox 674 1909 844 1990; x_wconf 72' lang='grc' dir='ltr'>ἀκήρυκτος</span> <span class='ocrx_word' id='word_1_111' title='bbox 858 1933 877 1972; x_wconf 80' lang='grc' dir='ltr'>ε</span> <span class='ocrx_word' id='word_1_112' title='bbox 891 1912 969 1972; x_wconf 91' lang='lat' dir='ltr'><strong>bello</strong></span> <span class='ocrx_word' id='word_1_113' title='bbox 980 1909 1093 1970; x_wconf 90' lang='lat' dir='ltr'><strong>indicto</strong></span> <span class='ocrx_word' id='word_1_114' title='bbox 1107 1914 1220 1971; x_wconf 83' lang='lat' dir='ltr'><strong>secerni</strong></span> 
     </span>
     <span class='ocr_line' id='line_1_16' title="bbox 151 2019 1220 2102; baseline 0.006 -26"><span class='ocrx_word' id='word_1_115' title='bbox 151 2027 256 2094; x_wconf 89' lang='lat' dir='ltr'><strong>posset.</strong></span> <span class='ocrx_word' id='word_1_116' title='bbox 287 2019 374 2094; x_wconf 81' lang='lat' dir='ltr'><strong>Quod</strong></span> <span class='ocrx_word' id='word_1_117' title='bbox 389 2022 412 2080; x_wconf 96' lang='lat' dir='ltr'><strong>si</strong></span> <span class='ocrx_word' id='word_1_118' title='bbox 432 2022 512 2081; x_wconf 91' lang='lat' dir='ltr'><strong>locos</strong></span> <span class='ocrx_word' id='word_1_119' title='bbox 526 2023 612 2101; x_wconf 86' lang='lat' dir='ltr'><strong>petis,</strong></span> <span class='ocrx_word' id='word_1_120' title='bbox 634 2021 741 2101; x_wconf 88' lang='lat' dir='ltr'><strong>quibus</strong></span> <span class='ocrx_word' id='word_1_121' title='bbox 764 2023 855 2099; x_wconf 83' lang='lat' dir='ltr'><strong>iegati</strong></span> <span class='ocrx_word' id='word_1_122' title='bbox 875 2023 956 2082; x_wconf 91' lang='lat' dir='ltr'><strong>missi</strong></span> <span class='ocrx_word' id='word_1_123' title='bbox 976 2041 1040 2082; x_wconf 90' lang='lat' dir='ltr'><strong>esse</strong></span> <span class='ocrx_word' id='word_1_124' title='bbox 1059 2022 1220 2102; x_wconf 88' lang='lat' dir='ltr'><strong>probentur</strong></span> 
     </span>
     <span class='ocr_line' id='line_1_17' title="bbox 152 2128 1220 2211; baseline 0.006 -26"><span class='ocrx_word' id='word_1_125' title='bbox 152 2128 204 2185; x_wconf 84' lang='lat' dir='ltr'><strong>hos</strong></span> <span class='ocrx_word' id='word_1_126' title='bbox 219 2130 348 2189; x_wconf 82' lang='lat' dir='ltr'><strong>afferam.</strong></span> <span class='ocrx_word' id='word_1_127' title='bbox 394 2131 501 2191; x_wconf 84' lang='lat' dir='ltr'><strong>Graeci</strong></span> <span class='ocrx_word' id='word_1_128' title='bbox 517 2133 595 2191; x_wconf 90' lang='lat' dir='ltr'><strong>enim</strong></span> <span class='ocrx_word' id='word_1_129' title='bbox 610 2141 769 2211; x_wconf 85' lang='lat' dir='ltr'><strong>antequam</strong></span> <span class='ocrx_word' id='word_1_130' title='bbox 785 2133 894 2191; x_wconf 84' lang='lat' dir='ltr'><strong>bellurn</strong></span> <span class='ocrx_word' id='word_1_131' title='bbox 912 2132 1092 2208; x_wconf 86' lang='lat' dir='ltr'><strong>indixerunt,</strong></span> <span class='ocrx_word' id='word_1_132' title='bbox 1106 2134 1220 2211; x_wconf 81' lang='lat' dir='ltr'><strong>legatos</strong></span> 
     </span>
     <span class='ocr_line' id='line_1_18' title="bbox 150 2239 1221 2323; baseline 0.007 -27"><span class='ocrx_word' id='word_1_133' title='bbox 150 2240 270 2299; x_wconf 81' lang='lat' dir='ltr'><strong>Troiam</strong></span> <span class='ocrx_word' id='word_1_134' title='bbox 295 2243 446 2316; x_wconf 87' lang='lat' dir='ltr'><strong>miserunt,</strong></span> <span class='ocrx_word' id='word_1_135' title='bbox 470 2244 521 2322; x_wconf 93' lang='lat' dir='ltr'><strong>qui</strong></span> <span class='ocrx_word' id='word_1_136' title='bbox 546 2251 713 2323; x_wconf 87' lang='lat' dir='ltr'><strong>poscerent,</strong></span> <span class='ocrx_word' id='word_1_137' title='bbox 740 2253 773 2303; x_wconf 86' lang='lat' dir='ltr'><strong>ut</strong></span> <span class='ocrx_word' id='word_1_138' title='bbox 795 2243 914 2303; x_wconf 86' lang='lat' dir='ltr'><strong>Helena</strong></span> <span class='ocrx_word' id='word_1_139' title='bbox 938 2241 1126 2304; x_wconf 84' lang='lat' dir='ltr'><strong>redderetur:</strong></span> <span class='ocrx_word' id='word_1_140' title='bbox 1142 2239 1221 2303; x_wconf 77' lang='lat' dir='ltr'><strong>cij</strong></span> 
     </span>
     <span class='ocr_line' id='line_1_19' title="bbox 150 2351 261 2429; baseline 0.018 -23"><span class='ocrx_word' id='word_1_141' title='bbox 150 2351 210 2408; x_wconf 73' lang='lat'><strong>205</strong></span> <span class='ocrx_word' id='word_1_142' title='bbox 227 2371 261 2429; x_wconf 91' lang='lat' dir='ltr'><strong>sq</strong></span> 
     </span>
    </p>

    <p class='ocr_par' dir='ltr' id='par_1_6' title="bbox 300 2451 1056 2658">
     <span class='ocr_line' id='line_1_20' title="bbox 300 2451 1056 2546; baseline 0.001 -24"><span class='ocrx_word' id='word_1_143' title='bbox 300 2452 359 2532; x_wconf 72' lang='grc' dir='ltr'><strong>ἤθη</strong></span> <span class='ocrx_word' id='word_1_144' title='bbox 375 2456 432 2546; x_wconf 82' lang='grc' dir='ltr'><strong>γὰρ</strong></span> <span class='ocrx_word' id='word_1_145' title='bbox 449 2459 501 2522; x_wconf 84' lang='grc' dir='ltr'><strong>καὶ</strong></span> <span class='ocrx_word' id='word_1_146' title='bbox 516 2451 603 2546; x_wconf 83' lang='grc' dir='ltr'>θεῢρθ</span> <span class='ocrx_word' id='word_1_147' title='bbox 617 2460 685 2525; x_wconf 87' lang='grc' dir='ltr'>ποτ’</span> <span class='ocrx_word' id='word_1_148' title='bbox 704 2458 796 2532; x_wconf 79' lang='grc' dir='ltr'>ἤλυθε</span> <span class='ocrx_word' id='word_1_149' title='bbox 811 2451 874 2534; x_wconf 83' lang='grc' dir='ltr'>θῖος</span> <span class='ocrx_word' id='word_1_150' title='bbox 885 2452 1056 2535; x_wconf 79' lang='grc' dir='ltr'>Ὀθυσσεθς</span> 
     </span>
     <span class='ocr_line' id='line_1_21' title="bbox 301 2568 1003 2658; baseline 0.006 -26"><span class='ocrx_word' id='word_1_151' title='bbox 301 2576 353 2634; x_wconf 84' lang='grc' dir='ltr'>σεῦ</span> <span class='ocrx_word' id='word_1_152' title='bbox 367 2568 442 2633; x_wconf 78' lang='grc' dir='ltr'>ἕνεκ’</span> <span class='ocrx_word' id='word_1_153' title='bbox 459 2568 602 2658; x_wconf 72' lang='grc' dir='ltr'>ἀγγελίης</span> <span class='ocrx_word' id='word_1_154' title='bbox 616 2571 668 2634; x_wconf 86' lang='grc' dir='ltr'><strong>σθν</strong></span> <span class='ocrx_word' id='word_1_155' title='bbox 684 2570 830 2658; x_wconf 80' lang='grc' dir='ltr'>ἀρηιφίλῳ</span> <span class='ocrx_word' id='word_1_156' title='bbox 845 2568 1003 2653; x_wconf 87' lang='grc' dir='ltr'>Μενελάῳ.</span> 
     </span>
    </p>

    <p class='ocr_par' dir='ltr' id='par_1_7' title="bbox 147 2681 1218 3094">
     <span class='ocr_line' id='line_1_22' title="bbox 213 2681 1217 2763; baseline 0.001 -22"><span class='ocrx_word' id='word_1_157' title='bbox 213 2681 295 2756; x_wconf 79' lang='lat' dir='ltr'><strong>Quos</strong></span> <span class='ocrx_word' id='word_1_158' title='bbox 322 2682 443 2763; x_wconf 92' lang='lat' dir='ltr'><strong>quidem</strong></span> <span class='ocrx_word' id='word_1_159' title='bbox 476 2684 591 2763; x_wconf 84' lang='lat' dir='ltr'><strong>legatos</strong></span> <span class='ocrx_word' id='word_1_160' title='bbox 619 2683 866 2744; x_wconf 87' lang='lat' dir='ltr'><strong>verisimillimum</strong></span> <span class='ocrx_word' id='word_1_161' title='bbox 900 2692 944 2744; x_wconf 91' lang='lat' dir='ltr'><strong>est</strong></span> <span class='ocrx_word' id='word_1_162' title='bbox 979 2684 1079 2743; x_wconf 80' lang='lat' dir='ltr'><strong>stetim</strong></span> <span class='ocrx_word' id='word_1_163' title='bbox 1108 2683 1217 2742; x_wconf 87' lang='lat' dir='ltr'><strong>bellum</strong></span> 
     </span>
     <span class='ocr_line' id='line_1_23' title="bbox 149 2791 1218 2872; baseline 0.004 -23"><span class='ocrx_word' id='word_1_164' title='bbox 149 2791 306 2866; x_wconf 83' lang='lat' dir='ltr'><strong>indixisse,</strong></span> <span class='ocrx_word' id='word_1_165' title='bbox 331 2814 399 2853; x_wconf 89' lang='lat' dir='ltr'><strong>curn</strong></span> <span class='ocrx_word' id='word_1_166' title='bbox 418 2794 504 2855; x_wconf 90' lang='lat' dir='ltr'><strong>Paris</strong></span> <span class='ocrx_word' id='word_1_167' title='bbox 522 2794 701 2872; x_wconf 78' lang='lat' dir='ltr'><strong>negavisset,</strong></span> <span class='ocrx_word' id='word_1_168' title='bbox 722 2813 753 2854; x_wconf 90' lang='lat' dir='ltr'><strong>se</strong></span> <span class='ocrx_word' id='word_1_169' title='bbox 773 2793 922 2854; x_wconf 87' lang='lat' dir='ltr'><strong>Helenam</strong></span> <span class='ocrx_word' id='word_1_170' title='bbox 942 2813 1005 2854; x_wconf 88' lang='lat' dir='ltr'><strong>esse</strong></span> <span class='ocrx_word' id='word_1_171' title='bbox 1025 2793 1218 2854; x_wconf 88' lang='lat' dir='ltr'><strong>redditurum.</strong></span> 
     </span>
     <span class='ocr_line' id='line_1_24' title="bbox 148 2900 1218 2983; baseline 0.002 -23"><span class='ocrx_word' id='word_1_172' title='bbox 148 2900 361 2962; x_wconf 85' lang='lat' dir='ltr'><strong>Antimachum</strong></span> <span class='ocrx_word' id='word_1_173' title='bbox 390 2912 490 2964; x_wconf 85' lang='lat' dir='ltr'><strong>autem</strong></span> <span class='ocrx_word' id='word_1_174' title='bbox 518 2904 632 2983; x_wconf 85' lang='lat' dir='ltr'><strong>legatos</strong></span> <span class='ocrx_word' id='word_1_175' title='bbox 660 2904 782 2964; x_wconf 67' lang='lat' dir='ltr'><strong>&#39;liciam</strong></span> <span class='ocrx_word' id='word_1_176' title='bbox 810 2904 913 2964; x_wconf 88' lang='lat' dir='ltr'><strong>missos</strong></span> <span class='ocrx_word' id='word_1_177' title='bbox 942 2904 1066 2964; x_wconf 88' lang='lat' dir='ltr'><strong>interfici</strong></span> <span class='ocrx_word' id='word_1_178' title='bbox 1101 2905 1218 2963; x_wconf 86' lang='lat' dir='ltr'><strong>iussisse</strong></span> 
     </span>
     <span class='ocr_line' id='line_1_25' title="bbox 147 3009 492 3094; baseline 0.012 -23"><span class='ocrx_word' id='word_1_179' title='bbox 147 3012 243 3072; x_wconf 84' lang='lat' dir='ltr'><strong>elucet</strong></span> <span class='ocrx_word' id='word_1_180' title='bbox 257 3009 344 3074; x_wconf 66' lang='grc' dir='ltr'><strong>οιΑ</strong></span> <span class='ocrx_word' id='word_1_181' title='bbox 361 3016 420 3075; x_wconf 84' lang='lat'><strong>139</strong></span> <span class='ocrx_word' id='word_1_182' title='bbox 437 3033 492 3094; x_wconf 91' lang='lat' dir='ltr'><strong>sqq</strong></span> 
     </span>
    </p>

    <p class='ocr_par' dir='ltr' id='par_1_8' title="bbox 190 3117 1147 3318">
     <span class='ocr_line' id='line_1_26' title="bbox 190 3117 1147 3210; baseline 0.002 -28"><span class='ocrx_word' id='word_1_183' title='bbox 190 3117 221 3193; x_wconf 78' lang='grc' dir='ltr'><strong>ὅς</strong></span> <span class='ocrx_word' id='word_1_184' title='bbox 236 3117 257 3203; x_wconf 88' lang='grc'><strong>(’</strong></span> <span class='ocrx_word' id='word_1_185' title='bbox 264 3118 450 3206; x_wconf 84' lang='grc' dir='ltr'>Αντὶμοιχος)</span> <span class='ocrx_word' id='word_1_186' title='bbox 465 3122 532 3185; x_wconf 83' lang='grc' dir='ltr'>ποτ’</span> <span class='ocrx_word' id='word_1_187' title='bbox 553 3121 597 3186; x_wconf 77' lang='grc' dir='ltr'><strong>ἑνὶ</strong></span> <span class='ocrx_word' id='word_1_188' title='bbox 611 3119 724 3207; x_wconf 84' lang='grc' dir='ltr'>Τρώων</span> <span class='ocrx_word' id='word_1_189' title='bbox 741 3122 838 3209; x_wconf 76' lang='grc' dir='ltr'>ἀγορῇ</span> <span class='ocrx_word' id='word_1_190' title='bbox 855 3118 1014 3184; x_wconf 79' lang='grc' dir='ltr'>Μενέλαον</span> <span class='ocrx_word' id='word_1_191' title='bbox 1030 3121 1147 3210; x_wconf 85' lang='grc' dir='ltr'>ἄνωγεν</span> 
     </span>
     <span class='ocr_line' id='line_1_27' title="bbox 191 3223 850 3318; baseline 0.003 -26"><span class='ocrx_word' id='word_1_192' title='bbox 191 3229 337 3318; x_wconf 82' lang='grc' dir='ltr'>ἀγγελίην</span> <span class='ocrx_word' id='word_1_193' title='bbox 352 3229 481 3295; x_wconf 72' lang='grc' dir='ltr'>ἐλθόντα</span> <span class='ocrx_word' id='word_1_194' title='bbox 497 3233 550 3295; x_wconf 83' lang='grc' dir='ltr'><strong>σὺν</strong></span> <span class='ocrx_word' id='word_1_195' title='bbox 566 3231 693 3312; x_wconf 81' lang='grc' dir='ltr'>ἀντιθέῳ</span> <span class='ocrx_word' id='word_1_196' title='bbox 705 3223 850 3306; x_wconf 72' lang='grc' dir='ltr'>Ὀδυσῆι,</span> 
     </span>
    </p>
   </div>
   <div class='ocr_carea' id='block_1_3' title="bbox 189 3333 1219 3536">
    <p class='ocr_par' dir='ltr' id='par_1_9' title="bbox 189 3333 1219 3536">
     <span class='ocr_line' id='line_1_28' title="bbox 189 3333 944 3430; baseline 0.003 -28"><span class='ocrx_word' id='word_1_197' title='bbox 189 3334 255 3403; x_wconf 70' lang='grc' dir='ltr'>αὖθι</span> <span class='ocrx_word' id='word_1_198' title='bbox 270 3351 470 3405; x_wconf 82' lang='grc' dir='ltr'>κατακτεῖναι</span> <span class='ocrx_word' id='word_1_199' title='bbox 487 3333 555 3430; x_wconf 82' lang='grc' dir='ltr'>μηθ’</span> <span class='ocrx_word' id='word_1_200' title='bbox 572 3339 677 3428; x_wconf 72' lang='grc' dir='ltr'>ἀξέμεν</span> <span class='ocrx_word' id='word_1_201' title='bbox 694 3338 736 3426; x_wconf 64' lang='lat' dir='ltr'><strong>dd</strong></span> <span class='ocrx_word' id='word_1_202' title='bbox 752 3343 781 3417; x_wconf 74' lang='grc' dir='ltr'><strong>ἐς</strong></span> <span class='ocrx_word' id='word_1_203' title='bbox 793 3340 944 3428; x_wconf 83' lang='grc' dir='ltr'>Ἀχαιούς.</span> 
     </span>
     <span class='ocr_line' id='line_1_29' title="bbox 213 3453 1219 3536; baseline 0 -22"><span class='ocrx_word' id='word_1_204' title='bbox 213 3453 274 3514; x_wconf 85' lang='lat' dir='ltr'><strong>Sed</strong></span> <span class='ocrx_word' id='word_1_205' title='bbox 290 3453 371 3515; x_wconf 86' lang='lat' dir='ltr'><strong>aliud</strong></span> <span class='ocrx_word' id='word_1_206' title='bbox 387 3454 459 3533; x_wconf 91' lang='lat' dir='ltr'><strong>quid</strong></span> <span class='ocrx_word' id='word_1_207' title='bbox 479 3474 596 3535; x_wconf 90' lang='lat' dir='ltr'><strong>qnoque</strong></span> <span class='ocrx_word' id='word_1_208' title='bbox 615 3474 653 3515; x_wconf 86' lang='lat' dir='ltr'><strong>ex</strong></span> <span class='ocrx_word' id='word_1_209' title='bbox 672 3455 718 3514; x_wconf 93' lang='lat' dir='ltr'><strong>his</strong></span> <span class='ocrx_word' id='word_1_210' title='bbox 740 3454 874 3514; x_wconf 87' lang='lat' dir='ltr'><strong>versibus</strong></span> <span class='ocrx_word' id='word_1_211' title='bbox 893 3463 1026 3536; x_wconf 86' lang='lat' dir='ltr'><strong>apparet.</strong></span> <span class='ocrx_word' id='word_1_212' title='bbox 1070 3453 1219 3516; x_wconf 76' lang='lat' dir='ltr'><strong>Certiores</strong></span> 
     </span>
    </p>
   </div>
   <div class='ocr_carea' id='block_1_4' title="bbox 147 3564 1217 4088">
    <p class='ocr_par' dir='ltr' id='par_1_10' title="bbox 147 3564 1217 4088">
     <span class='ocr_line' id='line_1_30' title="bbox 148 3564 1217 3645; baseline 0.003 -23"><span class='ocrx_word' id='word_1_213' title='bbox 148 3564 227 3623; x_wconf 88' lang='lat' dir='ltr'><strong>enim</strong></span> <span class='ocrx_word' id='word_1_214' title='bbox 250 3566 323 3625; x_wconf 86' lang='lat' dir='ltr'><strong>facti</strong></span> <span class='ocrx_word' id='word_1_215' title='bbox 344 3585 455 3638; x_wconf 89' lang='lat' dir='ltr'><strong>sumus,</strong></span> <span class='ocrx_word' id='word_1_216' title='bbox 483 3566 604 3625; x_wconf 85' lang='lat' dir='ltr'><strong>Ulixem</strong></span> <span class='ocrx_word' id='word_1_217' title='bbox 625 3576 655 3625; x_wconf 93' lang='lat' dir='ltr'><strong>et</strong></span> <span class='ocrx_word' id='word_1_218' title='bbox 669 3566 841 3626; x_wconf 85' lang='lat' dir='ltr'><strong>Menelaum</strong></span> <span class='ocrx_word' id='word_1_219' title='bbox 860 3565 944 3625; x_wconf 90' lang='lat' dir='ltr'><strong>nulle</strong></span> <span class='ocrx_word' id='word_1_220' title='bbox 963 3584 1108 3645; x_wconf 86' lang='lat' dir='ltr'><strong>praecone</strong></span> <span class='ocrx_word' id='word_1_221' title='bbox 1127 3568 1217 3626; x_wconf 87' lang='lat' dir='ltr'><strong>cemi-</strong></span> 
     </span>
     <span class='ocr_line' id='line_1_31' title="bbox 147 3675 1217 3756; baseline 0.002 -24"><span class='ocrx_word' id='word_1_222' title='bbox 147 3683 176 3733; x_wconf 90' lang='lat' dir='ltr'><strong>te</strong></span> <span class='ocrx_word' id='word_1_223' title='bbox 206 3676 327 3736; x_wconf 88' lang='lat' dir='ltr'><strong>Troiam</strong></span> <span class='ocrx_word' id='word_1_224' title='bbox 358 3695 421 3736; x_wconf 91' lang='lat' dir='ltr'><strong>sese</strong></span> <span class='ocrx_word' id='word_1_225' title='bbox 454 3677 620 3736; x_wconf 89' lang='lat' dir='ltr'><strong>contulisse.</strong></span> <span class='ocrx_word' id='word_1_226' title='bbox 675 3675 761 3750; x_wconf 79' lang='lat' dir='ltr'><strong>Quae</strong></span> <span class='ocrx_word' id='word_1_227' title='bbox 789 3675 910 3756; x_wconf 91' lang='lat' dir='ltr'><strong>quidem</strong></span> <span class='ocrx_word' id='word_1_228' title='bbox 940 3694 988 3737; x_wconf 87' lang='lat' dir='ltr'><strong>res</strong></span> <span class='ocrx_word' id='word_1_229' title='bbox 1011 3695 1047 3736; x_wconf 89' lang='lat' dir='ltr'><strong>eo</strong></span> <span class='ocrx_word' id='word_1_230' title='bbox 1074 3676 1217 3756; x_wconf 82' lang='lat' dir='ltr'><strong>explicari</strong></span> 
     </span>
     <span class='ocr_line' id='line_1_32' title="bbox 148 3784 1216 3866; baseline -0.002 -23"><span class='ocrx_word' id='word_1_231' title='bbox 148 3786 219 3844; x_wconf 91' lang='lat' dir='ltr'><strong>mihi</strong></span> <span class='ocrx_word' id='word_1_232' title='bbox 239 3785 366 3860; x_wconf 88' lang='lat' dir='ltr'><strong>videtur,</strong></span> <span class='ocrx_word' id='word_1_233' title='bbox 386 3785 465 3865; x_wconf 89' lang='lat' dir='ltr'><strong>quod</strong></span> <span class='ocrx_word' id='word_1_234' title='bbox 485 3807 545 3845; x_wconf 92' lang='lat' dir='ltr'><strong>non</strong></span> <span class='ocrx_word' id='word_1_235' title='bbox 565 3786 658 3846; x_wconf 92' lang='lat' dir='ltr'><strong>solum</strong></span> <span class='ocrx_word' id='word_1_236' title='bbox 677 3805 838 3866; x_wconf 87' lang='lat' dir='ltr'><strong>praecones</strong></span> <span class='ocrx_word' id='word_1_237' title='bbox 858 3785 909 3846; x_wconf 90' lang='lat' dir='ltr'><strong>sed</strong></span> <span class='ocrx_word' id='word_1_238' title='bbox 929 3787 1048 3846; x_wconf 91' lang='lat' dir='ltr'><strong>omnino</strong></span> <span class='ocrx_word' id='word_1_239' title='bbox 1068 3787 1160 3863; x_wconf 85' lang='lat' dir='ltr'><strong>legati</strong></span> <span class='ocrx_word' id='word_1_240' title='bbox 1178 3784 1216 3843; x_wconf 86' lang='lat' dir='ltr'><strong>eb</strong></span> 
     </span>
     <span class='ocr_line' id='line_1_33' title="bbox 148 3894 1216 3957; baseline 0.002 -5"><span class='ocrx_word' id='word_1_241' title='bbox 148 3894 243 3954; x_wconf 84' lang='lat' dir='ltr'><strong>altera</strong></span> <span class='ocrx_word' id='word_1_242' title='bbox 257 3897 378 3956; x_wconf 88' lang='lat' dir='ltr'><strong>civitate</strong></span> <span class='ocrx_word' id='word_1_243' title='bbox 393 3896 433 3956; x_wconf 88' lang='lat' dir='ltr'><strong>ad</strong></span> <span class='ocrx_word' id='word_1_244' title='bbox 448 3897 571 3957; x_wconf 87' lang='lat' dir='ltr'><strong>alteram</strong></span> <span class='ocrx_word' id='word_1_245' title='bbox 587 3897 666 3956; x_wconf 90' lang='lat' dir='ltr'><strong>missi</strong></span> <span class='ocrx_word' id='word_1_246' title='bbox 683 3897 862 3956; x_wconf 83' lang='lat' dir='ltr'><strong>sacrosancti</strong></span> <span class='ocrx_word' id='word_1_247' title='bbox 882 3904 974 3956; x_wconf 90' lang='lat' dir='ltr'><strong>erant.</strong></span> <span class='ocrx_word' id='word_1_248' title='bbox 1020 3897 1104 3955; x_wconf 85' lang='lat' dir='ltr'><strong>Haec</strong></span> <span class='ocrx_word' id='word_1_249' title='bbox 1119 3903 1216 3954; x_wconf 87' lang='lat' dir='ltr'><strong>autem</strong></span> 
     </span>
     <span class='ocr_line' id='line_1_34' title="bbox 147 4004 1214 4088; baseline 0 -26"><span class='ocrx_word' id='word_1_250' title='bbox 147 4007 294 4064; x_wconf 83' lang='lat' dir='ltr'><strong>sententia</strong></span> <span class='ocrx_word' id='word_1_251' title='bbox 315 4007 381 4067; x_wconf 89' lang='lat' dir='ltr'><strong>aliis</strong></span> <span class='ocrx_word' id='word_1_252' title='bbox 403 4027 520 4088; x_wconf 90' lang='lat' dir='ltr'><strong>quoque</strong></span> <span class='ocrx_word' id='word_1_253' title='bbox 541 4007 684 4087; x_wconf 87' lang='lat' dir='ltr'><strong>exemplis</strong></span> <span class='ocrx_word' id='word_1_254' title='bbox 705 4005 824 4086; x_wconf 85' lang='lat' dir='ltr'><strong>probari</strong></span> <span class='ocrx_word' id='word_1_255' title='bbox 845 4015 950 4086; x_wconf 85' lang='lat' dir='ltr'><strong>potest.</strong></span> <span class='ocrx_word' id='word_1_256' title='bbox 1000 4004 1111 4065; x_wconf 81' lang='lat' dir='ltr'><strong>Achivi</strong></span> <span class='ocrx_word' id='word_1_257' title='bbox 1136 4005 1214 4063; x_wconf 90' lang='lat' dir='ltr'><strong>enirn</strong></span> 
     </span>
    </p>
   </div>
   <div class='ocr_carea' id='block_1_5' title="bbox 0 0 1502 4942">
    <p class='ocr_par' dir='ltr' id='par_1_11' title="bbox 0 0 1502 4942">
     <span class='ocr_line' id='line_1_35' title="bbox 0 0 1502 4942; baseline 0 0"><span class='ocrx_word' id='word_1_258' title='bbox 0 0 1502 4942; x_wconf 95' lang='lat' dir='ltr'><strong> </strong></span> 
     </span>
    </p>
   </div>
  </div>
 </body>
</html>
