2994 4942
170 1420 350 1552 Unicuique
374 1473 425 1551 qui
440 1470 528 1531 rebus
543 1469 666 1531 Graecis
681 1488 801 1548 operam
816 1467 939 1528 daturus
955 1477 1008 1545 est,
1029 1492 1048 1530 a
1063 1470 1241 1531 carminibus

170 1584 324 1644 homericis
347 1581 551 1661 incipiendum
573 1601 644 1652 esse,
667 1600 754 1640 nemo
774 1587 819 1638 est
839 1581 890 1658 qui
910 1581 1062 1641 infitietur.
1100 1580 1242 1642 Carmina

170 1696 251 1754 enim
267 1694 415 1752 homerica
430 1700 545 1751 constat
560 1694 638 1750 inter
652 1709 753 1750 omnes
769 1692 987 1769 antiquissimos
1002 1711 1066 1751 esse
1080 1692 1185 1767 fontes,
1201 1712 1240 1752 ex

170 1805 279 1884 quibus
300 1803 434 1880 intellegi
458 1805 561 1882 possit,
585 1801 681 1880 qualis
704 1809 802 1859 aetate
825 1801 944 1860 heroica
967 1835 1010 1844 -
1035 1811 1068 1860 ut
1090 1804 1175 1862 aiunt
1200 1837 1240 1847 —

172 1915 353 1976 Graecorum
378 1922 472 1972 status
497 1913 594 1972 fuerit.
645 1910 704 1986 Qui
723 1910 844 1990 quidem
864 1910 1047 1971 Graecorum
1066 1920 1160 1972 status
1180 1915 1241 1973 iam

171 2035 232 2084 tam
248 2025 384 2085 excultus
399 2032 452 2097 est,
469 2032 501 2082 ut
516 2043 629 2083 summo
645 2023 709 2082 iure
724 2022 828 2099 negari
839 2022 940 2100 possit,
954 2041 1001 2081 res
1017 2024 1048 2081 in
1061 2025 1240 2083 carminibus

170 2136 325 2195 homericis
340 2143 473 2193 narratas
489 2134 670 2194 Graecarum
685 2152 782 2191 rerum
797 2151 862 2192 esse
885 2134 1111 2211 antiquissimas.
1148 2134 1240 2212 Equi·

170 2245 240 2306 dem
261 2246 317 2304 hac
338 2246 369 2302 in
389 2265 421 2304 re
441 2264 558 2323 prorsus
573 2245 788 2304 Scuoanauuo
807 2243 965 2317 assentior,
989 2244 1041 2322 qui
1063 2244 1095 2301 in
1120 2242 1240 2304 Griech.

172 2356 301 2416 Alterth.
318 2355 376 2413 vol.
397 2356 464 2433 1²1).
479 2357 518 2413 23
535 2363 643 2428 censet,
659 2354 753 2413 resin
769 2353 948 2412 carminibus
963 2354 1118 2412 homericis
1133 2353 1240 2413 descri-

171 2475 237 2546 ptas
249 2467 394 2545 poeticam
403 2497 444 2506 —
453 2474 487 2523 ut
497 2467 536 2524 ita
548 2465 647 2525 dicam
658 2497 698 2506 —
711 2465 873 2541 imaginem
888 2466 994 2522 aetatis
1009 2465 1143 2524 heroicae
1157 2485 1241 2543 prae-

171 2574 249 2635 bere.
293 2574 437 2633 Attamen
464 2595 530 2634 cum
556 2594 594 2634 ex
618 2575 683 2634 aliis
707 2573 840 2633 fontibus
862 2575 915 2632 vix
939 2573 1102 2654 quidquam
1124 2575 1241 2634 haurire

171 2686 325 2766 possimus,
352 2686 484 2744 contenti
510 2686 599 2743 simus
625 2704 745 2744 necesse
771 2686 885 2757 estiis,
909 2686 1039 2763 quaein
1062 2684 1241 2743 carminibus

170 2796 325 2855 homericis
337 2803 534 2874 exponuntur.
565 2775 630 2854 Nec
642 2794 772 2867 deerant,
785 2795 836 2873 qui
848 2814 886 2854 ex
898 2795 1076 2854 carminibus
1088 2796 1242 2855 homericis

171 2908 276 2966 aetatis
291 2927 381 2985 quam
396 2905 499 2964 dicunt
513 2907 648 2965 heroicae
660 2913 769 2965 etatum
781 2924 883 2964 eruere
896 2904 1056 2966 studerent.
1086 2905 1151 2965 Iam
1163 2927 1241 2966 anno

173 3019 253 3077 1677
264 3017 478 3075 Burunitanus
492 3016 594 3074 Fmru
605 3017 815 3095 antiquitatum
827 3018 1041 3075 homericarum
1055 3014 1144 3075 libros
1156 3025 1241 3096 quat·

171 3137 237 3188 tuor
247 3126 349 3188 edidit.
365 3118 440 3207 Sed
454 3127 615 3205 quaeritur,
629 3147 700 3186 num
712 3124 801 3185 hodie
811 3144 927 3205 quoquc
939 3144 1044 3205 operae
1056 3128 1183 3205 pretium
1195 3127 1241 3202 sit,

171 3239 363 3317 antiquitates
377 3238 540 3297 homericos
555 3236 707 3314 indagare.
748 3235 824 3296 Cum
839 3237 917 3296 enim
939 3235 1027 3295 hodie
1047 3236 1085 3297 de
1105 3238 1242 3296 carmini·

171 3348 226 3408 bus
253 3349 408 3408 homericis
430 3349 507 3407 inter
528 3349 607 3407 viros
626 3345 809 3407 doctissimos
833 3367 947 3406 summa
971 3348 1009 3405 sit
1032 3345 1187 3421 dissensio,
1215 3348 1243 3406 ei

172 3460 223 3538 qni
238 3459 393 3517 homericis
408 3457 541 3517 versibus
555 3478 660 3518 usurus
675 3456 733 3532 est,
757 3465 810 3516 aut
829 3458 915 3516 multi
937 3456 1092 3517 omittendi
1107 3465 1177 3516 sunt
1192 3464 1244 3516 eut

171 3569 291 3627 omnino
306 3567 337 3626 id
352 3568 646 3647 praetermittendum
662 3577 715 3642 est,
730 3566 810 3648 quod
824 3587 927 3628 versus
938 3569 1096 3648 posteriore
1111 3575 1244 3647 tempore

171 3678 265 3738 additi
282 3688 358 3738 sunt.
404 3679 468 3737 Nec
484 3697 553 3738 vero
573 3680 598 3736 is
613 3700 677 3738 sum
698 3682 747 3758 qui
768 3679 865 3738 dicam
885 3679 968 3738 illam
988 3679 1191 3757 quaestionem
1205 3676 1244 3737 dc

171 3787 304 3849 versibus
320 3790 425 3868 spuriis
440 3788 572 3848 habitam
595 3810 613 3847 a
633 3788 717 3849 nobis
731 3790 861 3848 maxime
884 3809 947 3849 esse
961 3788 1176 3869 respiciendam
1191 3786 1244 3847 sed

171 3909 288 3959 tantum
304 3898 468 3958 cavendum
482 3919 544 3959 esse
557 3920 670 3974 censeo,
685 3919 724 3960 ne
738 3898 871 3958 versibus
886 3901 936 3978 qui
953 3921 971 3959 a
985 3901 1057 3959 viris
1071 3899 1168 3960 doctis
1183 3919 1244 3959 ccr-

170 4011 291 4069 tiesimiu
307 4012 488 4090 argumentis
504 4009 596 4070 additi
613 4029 676 4070 esse
690 4008 861 4089 probantur,
877 4019 1058 4070 momentum
1069 4009 1241 4075 tribuamus.
