<?xml version="1.0" encoding="UTF-8"?>
<!DOCTYPE html PUBLIC "-//W3C//DTD XHTML 1.0 Transitional//EN"
    "http://www.w3.org/TR/xhtml1/DTD/xhtml1-transitional.dtd">
<html xmlns="http://www.w3.org/1999/xhtml" xml:lang="en" lang="en">
 <head>
  <title>
</title>
<meta http-equiv="Content-Type" content="text/html;charset=utf-8" />
  <meta name='ocr-system' content='tesseract 3.04.00' />
  <meta name='ocr-capabilities' content='ocr_page ocr_carea ocr_par ocr_line ocrx_word'/>
</head>
<body>
  <div class='ocr_page' id='page_1' title='image "./devestigiisiuri01sorggoog_0052.png"; bbox 0 0 2994 4942; ppageno 0'>
   <div class='ocr_carea' id='block_1_1' title="bbox 208 313 1291 4000">
    <p class='ocr_par' dir='ltr' id='par_1_1' title="bbox 208 313 1288 3674">
     <span class='ocr_line' id='line_1_1' title="bbox 722 313 761 377; baseline -0.026 0"><span class='ocrx_word' id='word_1_1' title='bbox 722 313 761 377; x_wconf 82' lang='lat'>51</span> 
     </span>
     <span class='ocr_line' id='line_1_2' title="bbox 208 502 1278 594; baseline -0.002 -31"><span class='ocrx_word' id='word_1_2' title='bbox 208 506 306 594; x_wconf 75' lang='lat' dir='ltr'>axoris</span> <span class='ocrx_word' id='word_1_3' title='bbox 322 524 411 563; x_wconf 72' lang='lat' dir='ltr'>carisa</span> <span class='ocrx_word' id='word_1_4' title='bbox 425 502 601 575; x_wconf 76' lang='lat' dir='ltr'>laederetur,</span> <span class='ocrx_word' id='word_1_5' title='bbox 619 503 663 561; x_wconf 93' lang='lat' dir='ltr'>illi</span> <span class='ocrx_word' id='word_1_6' title='bbox 679 502 789 560; x_wconf 80' lang='lat' dir='ltr'>auxilio</span> <span class='ocrx_word' id='word_1_7' title='bbox 804 504 948 560; x_wconf 88' lang='lat' dir='ltr'>venirent.</span> <span class='ocrx_word' id='word_1_8' title='bbox 995 504 1097 561; x_wconf 80' lang='lat' dir='ltr'>Liceat</span> <span class='ocrx_word' id='word_1_9' title='bbox 1113 512 1142 561; x_wconf 92' lang='lat' dir='ltr'>et</span> <span class='ocrx_word' id='word_1_10' title='bbox 1158 503 1278 582; x_wconf 90' lang='lat' dir='ltr'>Apollo-</span> 
     </span>
     <span class='ocr_line' id='line_1_3' title="bbox 209 612 1278 692; baseline -0.002 -17"><span class='ocrx_word' id='word_1_11' title='bbox 209 615 272 675; x_wconf 88' lang='lat' dir='ltr'>dori</span> <span class='ocrx_word' id='word_1_12' title='bbox 301 623 331 674; x_wconf 90' lang='lat' dir='ltr'>et</span> <span class='ocrx_word' id='word_1_13' title='bbox 360 615 528 672; x_wconf 86' lang='lat' dir='ltr'>Pausaniae</span> <span class='ocrx_word' id='word_1_14' title='bbox 558 613 660 686; x_wconf 87' lang='lat' dir='ltr'>verba,</span> <span class='ocrx_word' id='word_1_15' title='bbox 693 633 768 692; x_wconf 90' lang='lat' dir='ltr'>qaae</span> <span class='ocrx_word' id='word_1_16' title='bbox 798 612 816 672; x_wconf 86' lang='lat' dir='ltr'>l.</span> <span class='ocrx_word' id='word_1_17' title='bbox 843 613 862 671; x_wconf 94' lang='lat' dir='ltr'>l.</span> <span class='ocrx_word' id='word_1_18' title='bbox 893 614 1047 688; x_wconf 89' lang='lat' dir='ltr'>leguntur,</span> <span class='ocrx_word' id='word_1_19' title='bbox 1078 615 1126 672; x_wconf 89' lang='lat' dir='ltr'>hic</span> <span class='ocrx_word' id='word_1_20' title='bbox 1156 614 1278 673; x_wconf 84' lang='lat' dir='ltr'>addere:</span> 
     </span>
     <span class='ocr_line' id='line_1_4' title="bbox 208 714 1279 805; baseline 0 -21"><span class='ocrx_word' id='word_1_21' title='bbox 208 714 402 799; x_wconf 74' lang='grc' dir='ltr'>(Ὀδυσσεὺς)</span> <span class='ocrx_word' id='word_1_22' title='bbox 425 721 544 793; x_wconf 80' lang='grc' dir='ltr'>πάντας</span> <span class='ocrx_word' id='word_1_23' title='bbox 567 718 646 783; x_wconf 80' lang='grc' dir='ltr'>εἶπεν</span> <span class='ocrx_word' id='word_1_24' title='bbox 671 719 822 804; x_wconf 79' lang='grc' dir='ltr'>ἐξορκίσαι</span> <span class='ocrx_word' id='word_1_25' title='bbox 840 721 911 793; x_wconf 79' lang='grc' dir='ltr'>τοὺς</span> <span class='ocrx_word' id='word_1_26' title='bbox 927 730 1099 805; x_wconf 69' lang='grc' dir='ltr'>μνηστῆρας</span> <span class='ocrx_word' id='word_1_27' title='bbox 1115 721 1279 801; x_wconf 70' lang='grc' dir='ltr'>βοηθησειν,</span> 
     </span>
     <span class='ocr_line' id='line_1_5' title="bbox 209 823 1279 916; baseline -0.001 -21"><span class='ocrx_word' id='word_1_28' title='bbox 209 832 262 895; x_wconf 69' lang='grc' dir='ltr'>ἐὰν</span> <span class='ocrx_word' id='word_1_29' title='bbox 289 832 304 895; x_wconf 85' lang='grc' dir='ltr'>ὁ</span> <span class='ocrx_word' id='word_1_30' title='bbox 326 830 489 915; x_wconf 77' lang='grc' dir='ltr'>προκριθεὶς</span> <span class='ocrx_word' id='word_1_31' title='bbox 510 830 633 915; x_wconf 78' lang='grc' dir='ltr'>νὺμριος</span> <span class='ocrx_word' id='word_1_32' title='bbox 655 831 700 892; x_wconf 82' lang='grc' dir='ltr'>ὕπ’</span> <span class='ocrx_word' id='word_1_33' title='bbox 727 831 824 892; x_wconf 77' lang='grc' dir='ltr'>ἄλλου</span> <span class='ocrx_word' id='word_1_34' title='bbox 852 831 933 902; x_wconf 71' lang='grc' dir='ltr'>τινος</span> <span class='ocrx_word' id='word_1_35' title='bbox 959 823 1104 900; x_wconf 73' lang='grc' dir='ltr'>ἀδικῆται</span> <span class='ocrx_word' id='word_1_36' title='bbox 1131 833 1197 916; x_wconf 87' lang='grc' dir='ltr'>περὶ</span> <span class='ocrx_word' id='word_1_37' title='bbox 1224 833 1279 894; x_wconf 75' lang='grc' dir='ltr'>τὸν</span> 
     </span>
     <span class='ocr_line' id='line_1_6' title="bbox 209 934 1281 1029; baseline -0.001 -24"><span class='ocrx_word' id='word_1_38' title='bbox 209 943 319 1029; x_wconf 77' lang='grc' dir='ltr'>γάμον.</span> <span class='ocrx_word' id='word_1_39' title='bbox 356 945 518 1002; x_wconf 86' lang='lat' dir='ltr'>Pausanias</span> <span class='ocrx_word' id='word_1_40' title='bbox 541 953 638 1001; x_wconf 89' lang='lat' dir='ltr'>autem</span> <span class='ocrx_word' id='word_1_41' title='bbox 664 945 736 1002; x_wconf 93' lang='lat' dir='ltr'>haec</span> <span class='ocrx_word' id='word_1_42' title='bbox 758 944 890 1021; x_wconf 83' lang='lat' dir='ltr'>scripsit:</span> <span class='ocrx_word' id='word_1_43' title='bbox 917 934 1095 1023; x_wconf 75' lang='grc' dir='ltr'>Τυνδάρεως</span> <span class='ocrx_word' id='word_1_44' title='bbox 1113 943 1172 1028; x_wconf 74' lang='grc' dir='ltr'>γὰρ</span> <span class='ocrx_word' id='word_1_45' title='bbox 1191 942 1281 1016; x_wconf 76' lang='grc' dir='ltr'>θύσας</span> 
     </span>
     <span class='ocr_line' id='line_1_7' title="bbox 209 1047 1280 1136; baseline 0 -22"><span class='ocrx_word' id='word_1_46' title='bbox 209 1055 298 1115; x_wconf 86' lang='grc' dir='ltr'>ἵππον</span> <span class='ocrx_word' id='word_1_47' title='bbox 310 1049 516 1124; x_wconf 80' lang='grc' dir='ltr'>τοὺςἙλένης</span> <span class='ocrx_word' id='word_1_48' title='bbox 528 1048 662 1135; x_wconf 70' lang='grc' dir='ltr'>ἐξώρκου</span> <span class='ocrx_word' id='word_1_49' title='bbox 675 1060 856 1136; x_wconf 67' lang='grc' dir='ltr'>μνηστῆρας,</span> <span class='ocrx_word' id='word_1_50' title='bbox 873 1047 959 1123; x_wconf 81' lang='grc' dir='ltr'>ἱστὰς</span> <span class='ocrx_word' id='word_1_51' title='bbox 974 1051 1023 1112; x_wconf 78' lang='grc' dir='ltr'>ἐπὶ</span> <span class='ocrx_word' id='word_1_52' title='bbox 1038 1057 1094 1112; x_wconf 83' lang='grc' dir='ltr'>τοῦ</span> <span class='ocrx_word' id='word_1_53' title='bbox 1109 1052 1200 1114; x_wconf 78' lang='grc' dir='ltr'>ἵππου</span> <span class='ocrx_word' id='word_1_54' title='bbox 1216 1059 1280 1115; x_wconf 75' lang='grc' dir='ltr'>τῶν</span> 
     </span>
     <span class='ocr_line' id='line_1_8' title="bbox 210 1154 1280 1251; baseline 0.001 -28"><span class='ocrx_word' id='word_1_55' title='bbox 210 1162 339 1251; x_wconf 84' lang='grc' dir='ltr'>τομίων·</span> <span class='ocrx_word' id='word_1_56' title='bbox 357 1162 372 1223; x_wconf 86' lang='grc' dir='ltr'><em>ὁ</em></span> <span class='ocrx_word' id='word_1_57' title='bbox 389 1154 424 1224; x_wconf 67' lang='grc' dir='ltr'>δὲ</span> <span class='ocrx_word' id='word_1_58' title='bbox 440 1162 526 1246; x_wconf 83' lang='grc' dir='ltr'>ὅρκος</span> <span class='ocrx_word' id='word_1_59' title='bbox 540 1156 576 1231; x_wconf 75' lang='grc' dir='ltr'>ἦν</span> <span class='ocrx_word' id='word_1_60' title='bbox 591 1160 705 1242; x_wconf 82' lang='grc' dir='ltr'>Ἑλένη</span> <span class='ocrx_word' id='word_1_61' title='bbox 723 1161 775 1222; x_wconf 86' lang='grc' dir='ltr'>καὶ</span> <span class='ocrx_word' id='word_1_62' title='bbox 788 1167 835 1242; x_wconf 83' lang='grc' dir='ltr'>τῷ</span> <span class='ocrx_word' id='word_1_63' title='bbox 846 1170 942 1247; x_wconf 68' lang='grc' dir='ltr'>γῆμαι</span> <span class='ocrx_word' id='word_1_64' title='bbox 954 1160 1280 1245; x_wconf 77' lang='grc' dir='ltr'>προκριθέντιἛλένην</span> 
     </span>
     <span class='ocr_line' id='line_1_9' title="bbox 212 1265 1282 1357; baseline 0 -23"><span class='ocrx_word' id='word_1_65' title='bbox 212 1272 335 1357; x_wconf 77' lang='grc' dir='ltr'>ἀμύνειν</span> <span class='ocrx_word' id='word_1_66' title='bbox 347 1265 563 1354; x_wconf 73' lang='grc' dir='ltr'>ἀδικουμένοις.</span> <span class='ocrx_word' id='word_1_67' title='bbox 586 1274 649 1332; x_wconf 86' lang='grc' dir='ltr'>Α]ἰί</span> <span class='ocrx_word' id='word_1_68' title='bbox 662 1282 760 1333; x_wconf 92' lang='lat' dir='ltr'>autem</span> <span class='ocrx_word' id='word_1_69' title='bbox 772 1274 918 1348; x_wconf 87' lang='lat' dir='ltr'>dixerunt,</span> <span class='ocrx_word' id='word_1_70' title='bbox 932 1274 1187 1351; x_wconf 86' lang='lat' dir='ltr'>Agamemnonem</span> <span class='ocrx_word' id='word_1_71' title='bbox 1207 1277 1282 1334; x_wconf 89' lang='lat' dir='ltr'>illud</span> 
     </span>
     <span class='ocr_line' id='line_1_10' title="bbox 213 1383 1283 1468; baseline 0.002 -25"><span class='ocrx_word' id='word_1_72' title='bbox 213 1387 367 1463; x_wconf 87' lang='lat' dir='ltr'>imperium</span> <span class='ocrx_word' id='word_1_73' title='bbox 390 1383 445 1442; x_wconf 90' lang='lat' dir='ltr'>sibi</span> <span class='ocrx_word' id='word_1_74' title='bbox 466 1404 584 1462; x_wconf 90' lang='lat' dir='ltr'>parasse</span> <span class='ocrx_word' id='word_1_75' title='bbox 607 1405 641 1442; x_wconf 90' lang='lat' dir='ltr'>eo</span> <span class='ocrx_word' id='word_1_76' title='bbox 666 1384 744 1462; x_wconf 91' lang='lat' dir='ltr'>quod</span> <span class='ocrx_word' id='word_1_77' title='bbox 770 1386 900 1442; x_wconf 84' lang='lat' dir='ltr'>maxima</span> <span class='ocrx_word' id='word_1_78' title='bbox 924 1385 1057 1468; x_wconf 86' lang='lat' dir='ltr'>potentia</span> <span class='ocrx_word' id='word_1_79' title='bbox 1082 1387 1159 1443; x_wconf 91' lang='lat' dir='ltr'>inter</span> <span class='ocrx_word' id='word_1_80' title='bbox 1183 1407 1283 1446; x_wconf 90' lang='lat' dir='ltr'>omnes</span> 
     </span>
     <span class='ocr_line' id='line_1_11' title="bbox 214 1493 1284 1574; baseline 0 -20"><span class='ocrx_word' id='word_1_81' title='bbox 214 1495 344 1554; x_wconf 83' lang='lat' dir='ltr'>Graecos</span> <span class='ocrx_word' id='word_1_82' title='bbox 356 1495 384 1553; x_wconf 90' lang='lat' dir='ltr'>ei</span> <span class='ocrx_word' id='word_1_83' title='bbox 394 1505 464 1552; x_wconf 89' lang='lat' dir='ltr'>erat.</span> <span class='ocrx_word' id='word_1_84' title='bbox 498 1494 594 1567; x_wconf 76' lang='lat' dir='ltr'>eram</span> <span class='ocrx_word' id='word_1_85' title='bbox 607 1493 725 1571; x_wconf 88' lang='lat' dir='ltr'>quidem</span> <span class='ocrx_word' id='word_1_86' title='bbox 739 1497 913 1552; x_wconf 86' lang='lat' dir='ltr'>sententiam</span> <span class='ocrx_word' id='word_1_87' title='bbox 925 1493 1118 1572; x_wconf 77' lang='lat' dir='ltr'>Thucydides</span> <span class='ocrx_word' id='word_1_88' title='bbox 1130 1497 1284 1574; x_wconf 84' lang='lat' dir='ltr'>amplexas</span> 
     </span>
     <span class='ocr_line' id='line_1_12' title="bbox 213 1597 1285 1687; baseline 0.002 -23"><span class='ocrx_word' id='word_1_89' title='bbox 213 1615 265 1673; x_wconf 81' lang='lat' dir='ltr'>cst,</span> <span class='ocrx_word' id='word_1_90' title='bbox 282 1606 380 1683; x_wconf 85' lang='lat' dir='ltr'>quiin</span> <span class='ocrx_word' id='word_1_91' title='bbox 397 1606 483 1681; x_wconf 88' lang='lat' dir='ltr'>primi</span> <span class='ocrx_word' id='word_1_92' title='bbox 499 1604 567 1662; x_wconf 87' lang='lat' dir='ltr'>libri</span> <span class='ocrx_word' id='word_1_93' title='bbox 582 1624 606 1662; x_wconf 90' lang='lat' dir='ltr'>c.</span> <span class='ocrx_word' id='word_1_94' title='bbox 624 1609 641 1663; x_wconf 82' lang='grc'><strong>9</strong></span> <span class='ocrx_word' id='word_1_95' title='bbox 659 1605 730 1662; x_wconf 87' lang='lat' dir='ltr'>haec</span> <span class='ocrx_word' id='word_1_96' title='bbox 748 1605 849 1663; x_wconf 89' lang='lat' dir='ltr'>babet:</span> <span class='ocrx_word' id='word_1_97' title='bbox 862 1602 1068 1687; x_wconf 77' lang='grc' dir='ltr'>Ἀγαμέμνων</span> <span class='ocrx_word' id='word_1_98' title='bbox 1083 1625 1119 1663; x_wconf 87' lang='grc' dir='ltr'>τε</span> <span class='ocrx_word' id='word_1_99' title='bbox 1136 1625 1185 1686; x_wconf 91' lang='grc' dir='ltr'>μοι</span> <span class='ocrx_word' id='word_1_100' title='bbox 1200 1597 1285 1666; x_wconf 67' lang='grc' dir='ltr'>δοκεῖ</span> 
     </span>
     <span class='ocr_line' id='line_1_13' title="bbox 212 1702 1281 1799; baseline 0.001 -24"><span class='ocrx_word' id='word_1_101' title='bbox 212 1719 276 1775; x_wconf 77' lang='grc' dir='ltr'>των</span> <span class='ocrx_word' id='word_1_102' title='bbox 301 1713 377 1774; x_wconf 79' lang='grc' dir='ltr'>τότε</span> <span class='ocrx_word' id='word_1_103' title='bbox 399 1702 525 1798; x_wconf 72' lang='grc' dir='ltr'>δυνάμει</span> <span class='ocrx_word' id='word_1_104' title='bbox 547 1711 701 1796; x_wconf 80' lang='grc' dir='ltr'>προῦχων,</span> <span class='ocrx_word' id='word_1_105' title='bbox 729 1712 781 1774; x_wconf 87' lang='grc' dir='ltr'>καὶ</span> <span class='ocrx_word' id='word_1_106' title='bbox 803 1712 837 1773; x_wconf 80' lang='grc' dir='ltr'>οὐ</span> <span class='ocrx_word' id='word_1_107' title='bbox 860 1717 1009 1773; x_wconf 75' lang='grc' dir='ltr'>τοσοῦτον</span> <span class='ocrx_word' id='word_1_108' title='bbox 1033 1722 1096 1784; x_wconf 86' lang='grc' dir='ltr'>τοῖς</span> <span class='ocrx_word' id='word_1_109' title='bbox 1119 1706 1281 1799; x_wconf 73' lang='grc' dir='ltr'>Τυνδάρεω</span> 
     </span>
     <span class='ocr_line' id='line_1_14' title="bbox 213 1821 1282 1910; baseline 0 -24"><span class='ocrx_word' id='word_1_110' title='bbox 213 1823 311 1910; x_wconf 79' lang='grc' dir='ltr'>ὅρκοις</span> <span class='ocrx_word' id='word_1_111' title='bbox 322 1821 582 1906; x_wconf 76' lang='grc' dir='ltr'>κατειλημμένους</span> <span class='ocrx_word' id='word_1_112' title='bbox 593 1822 663 1895; x_wconf 77' lang='grc' dir='ltr'>τοὺς</span> <span class='ocrx_word' id='word_1_113' title='bbox 674 1821 802 1895; x_wconf 81' lang='grc' dir='ltr'>Ἑλένης</span> <span class='ocrx_word' id='word_1_114' title='bbox 814 1830 987 1907; x_wconf 74' lang='grc' dir='ltr'>μνηστῆρας</span> <span class='ocrx_word' id='word_1_115' title='bbox 999 1821 1091 1908; x_wconf 73' lang='grc' dir='ltr'>ἄγων,</span> <span class='ocrx_word' id='word_1_116' title='bbox 1104 1824 1159 1885; x_wconf 80' lang='grc' dir='ltr'>τὸν</span> <span class='ocrx_word' id='word_1_117' title='bbox 1171 1825 1282 1887; x_wconf 83' lang='grc' dir='ltr'>στόλον</span> 
     </span>
     <span class='ocr_line' id='line_1_15' title="bbox 216 1933 1284 2022; baseline 0.001 -26"><span class='ocrx_word' id='word_1_118' title='bbox 216 1944 344 2022; x_wconf 78' lang='grc' dir='ltr'>αγεῒραι·</span> <span class='ocrx_word' id='word_1_119' title='bbox 365 1935 471 2014; x_wconf 90' lang='lat' dir='ltr'>quibus</span> <span class='ocrx_word' id='word_1_120' title='bbox 485 1935 605 2015; x_wconf 88' lang='lat' dir='ltr'>quidem</span> <span class='ocrx_word' id='word_1_121' title='bbox 622 1934 718 1993; x_wconf 88' lang='lat' dir='ltr'>verbis</span> <span class='ocrx_word' id='word_1_122' title='bbox 735 1935 834 2013; x_wconf 90' lang='lat' dir='ltr'>paullo</span> <span class='ocrx_word' id='word_1_123' title='bbox 850 1934 973 1992; x_wconf 83' lang='lat' dir='ltr'>inferius</span> <span class='ocrx_word' id='word_1_124' title='bbox 988 1935 1060 1993; x_wconf 90' lang='lat' dir='ltr'>baec</span> <span class='ocrx_word' id='word_1_125' title='bbox 1081 1936 1177 1995; x_wconf 85' lang='lat' dir='ltr'>addit:</span> <span class='ocrx_word' id='word_1_126' title='bbox 1198 1933 1217 1996; x_wconf 76' lang='grc' dir='ltr'>ἅ</span> <span class='ocrx_word' id='word_1_127' title='bbox 1234 1958 1284 2020; x_wconf 87' lang='grc' dir='ltr'>μοι</span> 
     </span>
     <span class='ocr_line' id='line_1_16' title="bbox 215 2038 1283 2129; baseline 0.001 -23"><span class='ocrx_word' id='word_1_128' title='bbox 215 2038 299 2107; x_wconf 75' lang='grc' dir='ltr'>δοκεῖ</span> <span class='ocrx_word' id='word_1_129' title='bbox 324 2041 515 2129; x_wconf 75' lang='grc' dir='ltr'>Αγαμέμνων</span> <span class='ocrx_word' id='word_1_130' title='bbox 531 2038 719 2127; x_wconf 77' lang='grc' dir='ltr'>παραλαβὼν</span> <span class='ocrx_word' id='word_1_131' title='bbox 735 2042 787 2103; x_wconf 82' lang='grc' dir='ltr'>καὶ</span> <span class='ocrx_word' id='word_1_132' title='bbox 802 2047 933 2122; x_wconf 80' lang='grc' dir='ltr'>ναυτικῷ</span> <span class='ocrx_word' id='word_1_133' title='bbox 950 2041 1010 2124; x_wconf 85' lang='grc' dir='ltr'>(τε)</span> <span class='ocrx_word' id='word_1_134' title='bbox 1031 2042 1095 2128; x_wconf 82' lang='grc' dir='ltr'>ἅμα</span> <span class='ocrx_word' id='word_1_135' title='bbox 1119 2045 1169 2106; x_wconf 82' lang='grc' dir='ltr'>ἐπὶ</span> <span class='ocrx_word' id='word_1_136' title='bbox 1190 2045 1283 2107; x_wconf 83' lang='grc' dir='ltr'>πλέον</span> 
     </span>
     <span class='ocr_line' id='line_1_17' title="bbox 213 2151 1285 2242; baseline 0.003 -26"><span class='ocrx_word' id='word_1_137' title='bbox 213 2160 277 2217; x_wconf 75' lang='grc' dir='ltr'>τῶν</span> <span class='ocrx_word' id='word_1_138' title='bbox 293 2154 398 2215; x_wconf 80' lang='grc' dir='ltr'>ἄλλων</span> <span class='ocrx_word' id='word_1_139' title='bbox 416 2159 547 2238; x_wconf 64' lang='grc' dir='ltr'>ἰσχύσας,</span> <span class='ocrx_word' id='word_1_140' title='bbox 570 2154 629 2223; x_wconf 76' lang='grc' dir='ltr'>την</span> <span class='ocrx_word' id='word_1_141' title='bbox 645 2151 808 2237; x_wconf 83' lang='grc' dir='ltr'>στρατείαν</span> <span class='ocrx_word' id='word_1_142' title='bbox 831 2151 865 2214; x_wconf 83' lang='grc' dir='ltr'>οὐ</span> <span class='ocrx_word' id='word_1_143' title='bbox 881 2152 981 2237; x_wconf 78' lang='grc' dir='ltr'>χάριτι</span> <span class='ocrx_word' id='word_1_144' title='bbox 995 2154 1032 2215; x_wconf 81' lang='grc' dir='ltr'>τὸ</span> <span class='ocrx_word' id='word_1_145' title='bbox 1048 2157 1151 2216; x_wconf 81' lang='grc' dir='ltr'>πλεῖον</span> <span class='ocrx_word' id='word_1_146' title='bbox 1165 2151 1184 2225; x_wconf 73' lang='grc' dir='ltr'>’λ</span> <span class='ocrx_word' id='word_1_147' title='bbox 1200 2156 1285 2242; x_wconf 84' lang='grc' dir='ltr'>φόβῳ</span> 
     </span>
     <span class='ocr_line' id='line_1_18' title="bbox 215 2262 1286 2354; baseline 0 -26"><span class='ocrx_word' id='word_1_148' title='bbox 215 2262 396 2354; x_wconf 77' lang='grc' dir='ltr'>ξυναγαγὼν</span> <span class='ocrx_word' id='word_1_149' title='bbox 426 2263 614 2335; x_wconf 75' lang='grc' dir='ltr'>ποιήσασθαι.</span> <span class='ocrx_word' id='word_1_150' title='bbox 660 2267 710 2325; x_wconf 83' lang='lat' dir='ltr'>Ex</span> <span class='ocrx_word' id='word_1_151' title='bbox 735 2266 807 2344; x_wconf 87' lang='lat' dir='ltr'>ipsis</span> <span class='ocrx_word' id='word_1_152' title='bbox 831 2285 902 2324; x_wconf 90' lang='lat' dir='ltr'>vero</span> <span class='ocrx_word' id='word_1_153' title='bbox 929 2266 1106 2324; x_wconf 84' lang='lat' dir='ltr'>carminibus</span> <span class='ocrx_word' id='word_1_154' title='bbox 1132 2269 1286 2328; x_wconf 80' lang='lat' dir='ltr'>homericis</span> 
     </span>
     <span class='ocr_line' id='line_1_19' title="bbox 214 2375 1285 2458; baseline 0.001 -20"><span class='ocrx_word' id='word_1_155' title='bbox 214 2379 314 2438; x_wconf 87' lang='lat' dir='ltr'>nullas</span> <span class='ocrx_word' id='word_1_156' title='bbox 327 2377 447 2458; x_wconf 89' lang='lat' dir='ltr'>quidem</span> <span class='ocrx_word' id='word_1_157' title='bbox 463 2397 564 2435; x_wconf 89' lang='lat' dir='ltr'>versas</span> <span class='ocrx_word' id='word_1_158' title='bbox 579 2376 677 2436; x_wconf 85' lang='lat' dir='ltr'>afferri</span> <span class='ocrx_word' id='word_1_159' title='bbox 694 2386 798 2455; x_wconf 90' lang='lat' dir='ltr'>potest,</span> <span class='ocrx_word' id='word_1_160' title='bbox 820 2397 877 2455; x_wconf 86' lang='lat' dir='ltr'>quo</span> <span class='ocrx_word' id='word_1_161' title='bbox 898 2375 1048 2455; x_wconf 84' lang='lat' dir='ltr'>probetur,</span> <span class='ocrx_word' id='word_1_162' title='bbox 1070 2377 1285 2455; x_wconf 90' lang='lat' dir='ltr'>Apollodorum</span> 
     </span>
     <span class='ocr_line' id='line_1_20' title="bbox 214 2486 1286 2567; baseline 0.001 -19"><span class='ocrx_word' id='word_1_163' title='bbox 214 2499 244 2548; x_wconf 91' lang='lat' dir='ltr'>et</span> <span class='ocrx_word' id='word_1_164' title='bbox 257 2489 437 2547; x_wconf 83' lang='lat' dir='ltr'>Pausaniam</span> <span class='ocrx_word' id='word_1_165' title='bbox 453 2489 634 2567; x_wconf 85' lang='lat' dir='ltr'>sequendum</span> <span class='ocrx_word' id='word_1_166' title='bbox 650 2507 722 2560; x_wconf 85' lang='lat' dir='ltr'>esse,</span> <span class='ocrx_word' id='word_1_167' title='bbox 738 2487 790 2545; x_wconf 87' lang='lat' dir='ltr'>sed</span> <span class='ocrx_word' id='word_1_168' title='bbox 805 2507 842 2546; x_wconf 82' lang='lat' dir='ltr'>ex</span> <span class='ocrx_word' id='word_1_169' title='bbox 858 2487 902 2559; x_wconf 90' lang='lat' dir='ltr'>iis,</span> <span class='ocrx_word' id='word_1_170' title='bbox 919 2507 996 2565; x_wconf 89' lang='lat' dir='ltr'>quae</span> <span class='ocrx_word' id='word_1_171' title='bbox 1011 2486 1048 2546; x_wconf 90' lang='lat' dir='ltr'>de</span> <span class='ocrx_word' id='word_1_172' title='bbox 1064 2490 1142 2546; x_wconf 89' lang='lat' dir='ltr'>omni</span> <span class='ocrx_word' id='word_1_173' title='bbox 1160 2488 1286 2549; x_wconf 85' lang='lat' dir='ltr'>Graeco-</span> 
     </span>
     <span class='ocr_line' id='line_1_21' title="bbox 215 2598 1286 2691; baseline 0.001 -34"><span class='ocrx_word' id='word_1_174' title='bbox 215 2620 279 2657; x_wconf 89' lang='lat' dir='ltr'>rum</span> <span class='ocrx_word' id='word_1_175' title='bbox 291 2599 459 2678; x_wconf 88' lang='lat' dir='ltr'>principum</span> <span class='ocrx_word' id='word_1_176' title='bbox 475 2599 649 2658; x_wconf 88' lang='lat' dir='ltr'>condicione</span> <span class='ocrx_word' id='word_1_177' title='bbox 660 2605 931 2691; x_wconf 72' lang='lat' dir='ltr'>commemorantur,</span> <span class='ocrx_word' id='word_1_178' title='bbox 941 2598 1038 2675; x_wconf 87' lang='lat' dir='ltr'>potius</span> <span class='ocrx_word' id='word_1_179' title='bbox 1049 2598 1286 2658; x_wconf 88' lang='lat' dir='ltr'>concludendum</span> 
     </span>
     <span class='ocr_line' id='line_1_22' title="bbox 215 2707 1283 2785; baseline 0.001 -16"><span class='ocrx_word' id='word_1_180' title='bbox 215 2731 278 2769; x_wconf 89' lang='lat' dir='ltr'>esse</span> <span class='ocrx_word' id='word_1_181' title='bbox 303 2710 434 2779; x_wconf 84' lang='lat' dir='ltr'>videtur,</span> <span class='ocrx_word' id='word_1_182' title='bbox 463 2708 716 2785; x_wconf 85' lang='lat' dir='ltr'>Agamemnonem</span> <span class='ocrx_word' id='word_1_183' title='bbox 747 2707 822 2765; x_wconf 91' lang='lat' dir='ltr'>illud</span> <span class='ocrx_word' id='word_1_184' title='bbox 848 2709 1002 2784; x_wconf 89' lang='lat' dir='ltr'>imperium</span> <span class='ocrx_word' id='word_1_185' title='bbox 1029 2729 1087 2766; x_wconf 89' lang='lat' dir='ltr'>non</span> <span class='ocrx_word' id='word_1_186' title='bbox 1115 2709 1283 2784; x_wconf 87' lang='lat' dir='ltr'>obtinuisse,</span> 
     </span>
     <span class='ocr_line' id='line_1_23' title="bbox 215 2817 1285 2900; baseline -0.001 -20"><span class='ocrx_word' id='word_1_187' title='bbox 215 2822 326 2900; x_wconf 89' lang='lat' dir='ltr'>quippe</span> <span class='ocrx_word' id='word_1_188' title='bbox 341 2821 392 2899; x_wconf 89' lang='lat' dir='ltr'>qui</span> <span class='ocrx_word' id='word_1_189' title='bbox 408 2839 522 2878; x_wconf 88' lang='lat' dir='ltr'>summa</span> <span class='ocrx_word' id='word_1_190' title='bbox 537 2826 680 2895; x_wconf 86' lang='lat' dir='ltr'>potestate</span> <span class='ocrx_word' id='word_1_191' title='bbox 695 2838 763 2877; x_wconf 78' lang='lat' dir='ltr'>rasus</span> <span class='ocrx_word' id='word_1_192' title='bbox 779 2826 862 2888; x_wconf 91' lang='lat' dir='ltr'>esset,</span> <span class='ocrx_word' id='word_1_193' title='bbox 875 2817 926 2876; x_wconf 89' lang='lat' dir='ltr'>sed</span> <span class='ocrx_word' id='word_1_194' title='bbox 938 2820 987 2897; x_wconf 92' lang='lat' dir='ltr'>qui</span> <span class='ocrx_word' id='word_1_195' title='bbox 1001 2820 1095 2896; x_wconf 86' lang='lat' dir='ltr'>pactis</span> <span class='ocrx_word' id='word_1_196' title='bbox 1107 2819 1285 2879; x_wconf 81' lang='lat' dir='ltr'>foederibus·</span> 
     </span>
     <span class='ocr_line' id='line_1_24' title="bbox 216 2927 1284 3009; baseline 0.002 -22"><span class='ocrx_word' id='word_1_197' title='bbox 216 2951 274 3009; x_wconf 87' lang='lat' dir='ltr'>que</span> <span class='ocrx_word' id='word_1_198' title='bbox 289 2940 401 2989; x_wconf 87' lang='lat' dir='ltr'>ceteros</span> <span class='ocrx_word' id='word_1_199' title='bbox 418 2930 567 3008; x_wconf 87' lang='lat' dir='ltr'>principes</span> <span class='ocrx_word' id='word_1_200' title='bbox 586 2948 684 2988; x_wconf 86' lang='lat' dir='ltr'>seeum</span> <span class='ocrx_word' id='word_1_201' title='bbox 705 2929 913 2987; x_wconf 85' lang='lat' dir='ltr'>coniunxisset.</span> <span class='ocrx_word' id='word_1_202' title='bbox 956 2927 1042 3001; x_wconf 72' lang='lat' dir='ltr'>Quod</span> <span class='ocrx_word' id='word_1_203' title='bbox 1066 2930 1089 2986; x_wconf 88' lang='lat' dir='ltr'>si</span> <span class='ocrx_word' id='word_1_204' title='bbox 1110 2950 1211 2988; x_wconf 90' lang='lat' dir='ltr'>verum</span> <span class='ocrx_word' id='word_1_205' title='bbox 1233 2942 1284 3004; x_wconf 87' lang='lat' dir='ltr'>est,</span> 
     </span>
     <span class='ocr_line' id='line_1_25' title="bbox 218 3039 1287 3118; baseline 0.001 -20"><span class='ocrx_word' id='word_1_206' title='bbox 218 3041 392 3099; x_wconf 79' lang='lat' dir='ltr'>facillimum</span> <span class='ocrx_word' id='word_1_207' title='bbox 413 3046 458 3099; x_wconf 87' lang='lat' dir='ltr'>est</span> <span class='ocrx_word' id='word_1_208' title='bbox 482 3039 644 3116; x_wconf 88' lang='lat' dir='ltr'>explicata,</span> <span class='ocrx_word' id='word_1_209' title='bbox 671 3039 816 3118; x_wconf 90' lang='lat' dir='ltr'>quomodo</span> <span class='ocrx_word' id='word_1_210' title='bbox 839 3039 903 3096; x_wconf 88' lang='lat' dir='ltr'>fieri</span> <span class='ocrx_word' id='word_1_211' title='bbox 931 3040 1070 3117; x_wconf 89' lang='lat' dir='ltr'>potuerit,</span> <span class='ocrx_word' id='word_1_212' title='bbox 1098 3049 1131 3097; x_wconf 90' lang='lat' dir='ltr'>ut</span> <span class='ocrx_word' id='word_1_213' title='bbox 1154 3041 1287 3100; x_wconf 88' lang='lat' dir='ltr'>Achilles</span> 
     </span>
     <span class='ocr_line' id='line_1_26' title="bbox 217 3149 1287 3229; baseline 0.002 -21"><span class='ocrx_word' id='word_1_214' title='bbox 217 3150 452 3229; x_wconf 81' lang='lat' dir='ltr'>Agamemnonis</span> <span class='ocrx_word' id='word_1_215' title='bbox 478 3151 633 3227; x_wconf 87' lang='lat' dir='ltr'>imperium</span> <span class='ocrx_word' id='word_1_216' title='bbox 656 3149 839 3208; x_wconf 87' lang='lat' dir='ltr'>detrectaret.</span> <span class='ocrx_word' id='word_1_217' title='bbox 884 3150 1013 3207; x_wconf 82' lang='lat' dir='ltr'>Exstant</span> <span class='ocrx_word' id='word_1_218' title='bbox 1032 3159 1131 3208; x_wconf 88' lang='lat' dir='ltr'>autem</span> <span class='ocrx_word' id='word_1_219' title='bbox 1152 3153 1287 3210; x_wconf 87' lang='lat' dir='ltr'>nonnulli</span> 
     </span>
     <span class='ocr_line' id='line_1_27' title="bbox 218 3259 1288 3338; baseline 0.001 -19"><span class='ocrx_word' id='word_1_220' title='bbox 218 3270 297 3321; x_wconf 86' lang='lat' dir='ltr'>certe</span> <span class='ocrx_word' id='word_1_221' title='bbox 313 3261 379 3333; x_wconf 90' lang='lat' dir='ltr'>loci,</span> <span class='ocrx_word' id='word_1_222' title='bbox 395 3259 501 3338; x_wconf 90' lang='lat' dir='ltr'>quibus</span> <span class='ocrx_word' id='word_1_223' title='bbox 517 3260 554 3319; x_wconf 88' lang='lat' dir='ltr'>dc</span> <span class='ocrx_word' id='word_1_224' title='bbox 570 3259 794 3336; x_wconf 81' lang='lat' dir='ltr'>Aganreamone</span> <span class='ocrx_word' id='word_1_225' title='bbox 810 3259 991 3338; x_wconf 83' lang='lat' dir='ltr'>Graecisque</span> <span class='ocrx_word' id='word_1_226' title='bbox 1002 3261 1044 3317; x_wconf 85' lang='lat' dir='ltr'>ita</span> <span class='ocrx_word' id='word_1_227' title='bbox 1056 3262 1161 3333; x_wconf 79' lang='lat' dir='ltr'>agitur,</span> <span class='ocrx_word' id='word_1_228' title='bbox 1175 3273 1206 3318; x_wconf 90' lang='lat' dir='ltr'>ut</span> <span class='ocrx_word' id='word_1_229' title='bbox 1218 3263 1288 3320; x_wconf 89' lang='lat' dir='ltr'>inde</span> 
     </span>
     <span class='ocr_line' id='line_1_28' title="bbox 218 3369 1155 3449; baseline 0.002 -22"><span class='ocrx_word' id='word_1_230' title='bbox 218 3369 291 3449; x_wconf 81' lang='lat' dir='ltr'>qarid</span> <span class='ocrx_word' id='word_1_231' title='bbox 306 3371 398 3449; x_wconf 90' lang='lat' dir='ltr'>repeti</span> <span class='ocrx_word' id='word_1_232' title='bbox 414 3371 512 3448; x_wconf 90' lang='lat' dir='ltr'>pessit.</span> <span class='ocrx_word' id='word_1_233' title='bbox 545 3371 700 3446; x_wconf 86' lang='lat' dir='ltr'>Leguntur</span> <span class='ocrx_word' id='word_1_234' title='bbox 714 3371 792 3428; x_wconf 88' lang='lat' dir='ltr'>enirn</span> <span class='ocrx_word' id='word_1_235' title='bbox 808 3388 823 3429; x_wconf 84' lang='grc' dir='ltr'><strong>ε</strong></span> <span class='ocrx_word' id='word_1_236' title='bbox 839 3372 899 3429; x_wconf 78' lang='lat'>:106</span> <span class='ocrx_word' id='word_1_237' title='bbox 917 3391 949 3449; x_wconf 91' lang='lat' dir='ltr'>sq</span> <span class='ocrx_word' id='word_1_238' title='bbox 966 3372 1038 3428; x_wconf 87' lang='lat' dir='ltr'>haec</span> <span class='ocrx_word' id='word_1_239' title='bbox 1053 3371 1155 3429; x_wconf 86' lang='lat' dir='ltr'>verba:</span> 
     </span>
     <span class='ocr_line' id='line_1_29' title="bbox 375 3475 1188 3564; baseline 0.004 -26"><span class='ocrx_word' id='word_1_240' title='bbox 375 3479 574 3564; x_wconf 82' lang='grc' dir='ltr'>τρισμάκαρες</span> <span class='ocrx_word' id='word_1_241' title='bbox 589 3475 707 3539; x_wconf 88' lang='grc' dir='ltr'>Δαναοὶ</span> <span class='ocrx_word' id='word_1_242' title='bbox 722 3477 773 3538; x_wconf 86' lang='grc' dir='ltr'>καὶ</span> <span class='ocrx_word' id='word_1_243' title='bbox 787 3478 935 3563; x_wconf 73' lang='grc' dir='ltr'>τετράκις,</span> <span class='ocrx_word' id='word_1_244' title='bbox 952 3484 982 3538; x_wconf 75' lang='grc' dir='ltr'>οἳ</span> <span class='ocrx_word' id='word_1_245' title='bbox 994 3479 1058 3541; x_wconf 77' lang='grc' dir='ltr'>τότ’</span> <span class='ocrx_word' id='word_1_246' title='bbox 1078 3479 1188 3541; x_wconf 80' lang='grc' dir='ltr'>ὄλοντο</span> 
     </span>
     <span class='ocr_line' id='line_1_30' title="bbox 373 3581 1084 3674; baseline 0 -26"><span class='ocrx_word' id='word_1_247' title='bbox 373 3585 464 3672; x_wconf 77' lang='grc' dir='ltr'>Τροίη</span> <span class='ocrx_word' id='word_1_248' title='bbox 482 3590 512 3651; x_wconf 79' lang='grc' dir='ltr'>ἐν</span> <span class='ocrx_word' id='word_1_249' title='bbox 527 3589 635 3674; x_wconf 67' lang='lat' dir='ltr'>aipein,</span> <span class='ocrx_word' id='word_1_250' title='bbox 651 3589 734 3673; x_wconf 75' lang='grc' dir='ltr'>χάριν</span> <span class='ocrx_word' id='word_1_251' title='bbox 747 3581 923 3671; x_wconf 77' lang='grc' dir='ltr'>Ἀτρείδῃσι</span> <span class='ocrx_word' id='word_1_252' title='bbox 937 3588 1084 3673; x_wconf 76' lang='grc' dir='ltr'>φέροντες.</span> 
     </span>
    </p>

    <p class='ocr_par' dir='ltr' id='par_1_2' title="bbox 221 3697 1291 4000">
     <span class='ocr_line' id='line_1_31' title="bbox 283 3697 1289 3784; baseline 0.004 -26"><span class='ocrx_word' id='word_1_253' title='bbox 283 3700 399 3775; x_wconf 81' lang='lat' dir='ltr'>Quilruc</span> <span class='ocrx_word' id='word_1_254' title='bbox 419 3722 456 3761; x_wconf 87' lang='lat' dir='ltr'>ex</span> <span class='ocrx_word' id='word_1_255' title='bbox 477 3702 575 3760; x_wconf 88' lang='lat' dir='ltr'>verbis</span> <span class='ocrx_word' id='word_1_256' title='bbox 594 3700 678 3784; x_wconf 81' lang='grc' dir='ltr'>χάριν</span> <span class='ocrx_word' id='word_1_257' title='bbox 699 3697 839 3782; x_wconf 81' lang='grc' dir='ltr'>φέροντες</span> <span class='ocrx_word' id='word_1_258' title='bbox 860 3701 931 3759; x_wconf 83' lang='lat' dir='ltr'>milri</span> <span class='ocrx_word' id='word_1_259' title='bbox 957 3701 1076 3779; x_wconf 66' lang='lat' dir='ltr'>(pridem</span> <span class='ocrx_word' id='word_1_260' title='bbox 1104 3704 1200 3779; x_wconf 88' lang='lat' dir='ltr'>potius</span> <span class='ocrx_word' id='word_1_261' title='bbox 1223 3724 1289 3762; x_wconf 89' lang='lat' dir='ltr'>con-</span> 
     </span>
     <span class='ocr_line' id='line_1_32' title="bbox 221 3809 1290 3889; baseline 0.002 -21"><span class='ocrx_word' id='word_1_262' title='bbox 221 3809 401 3869; x_wconf 85' lang='lat' dir='ltr'>cludendum</span> <span class='ocrx_word' id='word_1_263' title='bbox 429 3831 493 3871; x_wconf 82' lang='lat' dir='ltr'>esse</span> <span class='ocrx_word' id='word_1_264' title='bbox 521 3810 651 3883; x_wconf 84' lang='lat' dir='ltr'>videtur,</span> <span class='ocrx_word' id='word_1_265' title='bbox 681 3819 769 3889; x_wconf 89' lang='lat' dir='ltr'>pacta</span> <span class='ocrx_word' id='word_1_266' title='bbox 799 3810 888 3869; x_wconf 83' lang='lat' dir='ltr'>fuisse</span> <span class='ocrx_word' id='word_1_267' title='bbox 918 3831 1005 3889; x_wconf 88' lang='lat' dir='ltr'>quam</span> <span class='ocrx_word' id='word_1_268' title='bbox 1037 3813 1290 3889; x_wconf 83' lang='lat' dir='ltr'>Agamemnonem</span> 
     </span>
     <span class='ocr_line' id='line_1_33' title="bbox 222 3919 1291 4000; baseline 0.005 -23"><span class='ocrx_word' id='word_1_269' title='bbox 222 3919 450 4000; x_wconf 79' lang='lat' dir='ltr'>Menelaumque</span> <span class='ocrx_word' id='word_1_270' title='bbox 473 3930 584 3981; x_wconf 87' lang='lat' dir='ltr'>ceteros</span> <span class='ocrx_word' id='word_1_271' title='bbox 604 3920 734 3981; x_wconf 86' lang='lat' dir='ltr'>Graecos</span> <span class='ocrx_word' id='word_1_272' title='bbox 754 3922 900 3998; x_wconf 88' lang='lat' dir='ltr'>coegisse,</span> <span class='ocrx_word' id='word_1_273' title='bbox 924 3930 956 3980; x_wconf 91' lang='lat' dir='ltr'>ut</span> <span class='ocrx_word' id='word_1_274' title='bbox 977 3923 1046 3981; x_wconf 90' lang='lat' dir='ltr'>belli</span> <span class='ocrx_word' id='word_1_275' title='bbox 1065 3924 1201 3982; x_wconf 78' lang='lat' dir='ltr'>&#39;l&#39;roiarris</span> <span class='ocrx_word' id='word_1_276' title='bbox 1218 3925 1291 3982; x_wconf 79' lang='lat' dir='ltr'>infe-</span> 
     </span>
    </p>
   </div>
   <div class='ocr_carea' id='block_1_2' title="bbox 221 4029 1292 4168">
    <p class='ocr_par' dir='ltr' id='par_1_3' title="bbox 221 4029 1292 4168">
     <span class='ocr_line' id='line_1_34' title="bbox 221 4029 1292 4112; baseline 0.004 -23"><span class='ocrx_word' id='word_1_277' title='bbox 221 4030 306 4089; x_wconf 87' lang='lat' dir='ltr'>rendi</span> <span class='ocrx_word' id='word_1_278' title='bbox 323 4032 483 4110; x_wconf 86' lang='lat' dir='ltr'>participes</span> <span class='ocrx_word' id='word_1_279' title='bbox 503 4032 615 4092; x_wconf 81' lang='lat' dir='ltr'>flerent.</span> <span class='ocrx_word' id='word_1_280' title='bbox 660 4030 762 4106; x_wconf 74' lang='lat' dir='ltr'>Quid?</span> <span class='ocrx_word' id='word_1_281' title='bbox 782 4054 882 4093; x_wconf 87' lang='lat' dir='ltr'>nonne</span> <span class='ocrx_word' id='word_1_282' title='bbox 903 4054 940 4091; x_wconf 84' lang='lat' dir='ltr'>ex</span> <span class='ocrx_word' id='word_1_283' title='bbox 963 4029 1064 4092; x_wconf 73' lang='lat' dir='ltr'>baal</span> <span class='ocrx_word' id='word_1_284' title='bbox 1087 4053 1141 4112; x_wconf 83' lang='lat' dir='ltr'>sqq</span> <span class='ocrx_word' id='word_1_285' title='bbox 1162 4035 1292 4094; x_wconf 88' lang='lat' dir='ltr'>luculen-</span> 
     </span>
     <span class='ocr_line' id='line_1_35' title="bbox 1108 4127 1139 4168; baseline 0 -20"><span class='ocrx_word' id='word_1_286' title='bbox 1108 4133 1120 4168; x_wconf 48' lang='grc' dir='ltr'>ς</span> <span class='ocrx_word' id='word_1_287' title='bbox 1131 4127 1139 4148; x_wconf 83' lang='lat'>.</span> 
     </span>
    </p>
   </div>
   <div class='ocr_carea' id='block_1_3' title="bbox 0 0 1520 4942">
    <p class='ocr_par' dir='ltr' id='par_1_4' title="bbox 0 0 1520 4942">
     <span class='ocr_line' id='line_1_36' title="bbox 0 0 1520 4942; baseline 0 0"><span class='ocrx_word' id='word_1_288' title='bbox 0 0 1520 4942; x_wconf 95' lang='lat' dir='ltr'> </span> 
     </span>
    </p>
   </div>
  </div>
 </body>
</html>
