2994 4942
655 288 766 383 ἰι

741 379 750 382 -
761 380 778 383 m
788 374 848 384 ‚v--a

273 478 410 538 Minerva
433 486 530 550 antem
554 486 582 536 ct
606 479 801 538 Telemachus
822 498 888 535 cum
904 478 1014 556 Pylum
1034 481 1197 552 venissent,
1224 480 1284 537 Ne·

209 596 316 648 storem
328 590 450 668 eiusque
466 588 545 646 filios
553 596 694 646 cenantes
705 590 897 647 invenerunt:
912 589 963 667 qui
975 588 1095 667 quidem
1108 591 1206 647 statim
1218 591 1281 646 uni-

208 700 287 756 versi
319 699 443 757 simulac
467 699 639 777 peregrinos
664 697 817 771 viderunt,
844 718 892 756 eos
919 698 1124 758 salutaverunt
1149 697 1282 776 beneque

210 817 392 887 exceperunt
407 809 444 867 cf.
462 829 482 892 χ
498 809 538 866 34
554 828 588 886 sq

362 921 389 977 οἱ
405 908 431 977 δ’
448 914 488 988 ὥς
504 908 556 977 οὖν
572 912 682 994 ξείνους
697 907 771 994 ἴδον,
788 914 888 1001 ἁθρόοι
904 910 994 986 ἦλθον
1011 914 1154 992 ἅπαντες,

361 1024 459 1111 χερσίν
475 1024 499 1087 τ’
520 1016 705 1102 ἠσπάζοντο,
721 1025 773 1087 καὶ
788 1018 960 1110 ἑδριάασθαι
977 1025 1106 1112 ἄνωγον.

274 1137 360 1196 Licet
385 1138 509 1196 fortasse
534 1137 644 1196 addere
673 1138 765 1196 verba
785 1139 918 1198 Echenei
942 1140 1028 1212 senis,
1052 1140 1102 1217 qui
1123 1137 1283 1196 Alcinoum

210 1246 381 1306 adhortatus
401 1256 454 1322 est,
474 1257 509 1307 ut
526 1249 643 1307 Ulixem
667 1249 832 1327 exciperet:
852 1258 943 1326 negat
963 1251 1042 1309 enim
1063 1247 1175 1320 decere,
1198 1247 1283 1306 illurn

212 1358 244 1415 in
259 1364 391 1417 extremo
406 1359 517 1435 angulo
532 1359 613 1417 humi
630 1357 731 1417 sedere
746 1359 784 1417 ef.
800 1380 818 1428 η
837 1361 895 1418 159
912 1380 947 1438 sq

359 1464 507 1544 Ἀλκίνο’,
523 1466 557 1528 οὐ
574 1465 628 1552 μέν
644 1488 692 1527 τοι
707 1458 779 1527 τόδε
795 1465 930 1546 κάλλιον,
947 1458 1017 1528 οὐδὲ
1034 1468 1138 1543 ἐοικεν,

366 1573 460 1655 ξεῖνον
477 1575 532 1661 μὲν
548 1577 645 1661 χαμαὶ
660 1567 749 1645 ἧσθαι
766 1576 808 1638 ἐπ’
830 1577 942 1662 ἐσχάρῃ
959 1579 991 1639 ἐν
1006 1575 1149 1656 κονίῃσιν.

275 1687 358 1762 Quin
383 1690 472 1747 etiam
494 1688 619 1767 publicis
652 1688 787 1747 domibus
810 1688 917 1749 Graeci
943 1697 1041 1748 aetate
1066 1689 1214 1748 homerica
1239 1690 1284 1747 usi

213 1806 292 1872 sunt,
313 1799 345 1857 in
365 1798 470 1877 quibus
490 1799 619 1878 hospites
650 1799 882 1878 excipiebantur.
926 1798 1081 1858 Melantho
1101 1799 1220 1878 quidem
1240 1801 1283 1857 in-

213 1908 302 1967 famis
316 1909 369 1967 illa
383 1908 551 1988 Penelopae
566 1929 652 1968 serva
667 1909 750 1969 Ulixi
766 1911 839 1969 haec
855 1909 931 1967 dixit
945 1929 963 1968 σ
979 1912 1040 1968 327
1056 1929 1110 1988 sqq

367 2011 445 2090 ξεῖνε
459 2018 568 2094 τάλαν,
584 2017 619 2078 ού
634 2015 670 2104 χέ
685 2041 731 2090 τις
746 2018 854 2102 φρένας
869 2015 1140 2103 ἐκπεπαταγμένος
1156 2017 1228 2094 ἐσσί,

367 2118 428 2188 οὐδ’
449 2124 558 2199 ἐθέλεις
573 2118 668 2189 εὕδειν
683 2127 829 2212 χαλκήιον
845 2129 875 2200 ἐς
890 2119 984 2213 δόμον
1001 2123 1096 2190 ἐλθών

366 2235 403 2305 ἠέ
418 2258 477 2298 που
493 2238 522 2309 ἐς
536 2233 648 2322 λέσχην
664 2240 733 2301 κτλ.

279 2349 410 2428 Hospitii
436 2358 535 2407 autern
568 2349 689 2408 vincula
716 2371 783 2408 curn
809 2352 973 2410 arctissima
999 2360 1110 2423 essent,
1142 2351 1204 2408 fieri
1225 2370 1285 2407 non

218 2459 321 2538 potuit,
342 2460 414 2537 quin
433 2459 540 2516 summi
560 2459 746 2519 haberentur.
792 2460 859 2534 Quo
879 2461 1059 2534 factumest,
1080 2470 1113 2519 ut
1126 2461 1285 2539 hospitium

217 2576 368 2647 tamquam
393 2567 557 2628 hereditate
581 2569 643 2628 filio
669 2569 829 2629 obveniret.
880 2571 972 2629 Velut
993 2567 1019 2629 Z
1042 2575 1104 2631 230
1127 2591 1180 2649 sqq
1202 2577 1288 2648 pocta

217 2679 302 2739 nobis
323 2677 422 2751 tradit,
446 2678 622 2738 Diomedem
638 2688 668 2738 et
683 2679 831 2740 Glaucum
845 2701 905 2738 non
928 2682 1005 2740 inter
1027 2701 1057 2740 se
1072 2699 1220 2760 pugnasse
1237 2678 1288 2737 scd

217 2811 301 2849 arma
315 2797 504 2869 permutasse,
520 2791 590 2868 quia
604 2792 693 2868 patrii
708 2791 837 2869 hospites
852 2791 983 2849 fuissent.
1011 2790 1171 2851 Diomedes
1191 2799 1289 2847 autem

218 2901 282 2979 ipse
298 2899 336 2958 ad
350 2919 435 2958 arma
449 2899 593 2958 mutanda
607 2900 653 2958 his
669 2899 767 2959 verbis
782 2901 924 2958 excitavit
938 2896 964 2959 Z
980 2903 1042 2960 230
1057 2921 1091 2979 sq

370 3007 482 3092 τεύχεα
497 3002 522 3069 δ’
540 3010 683 3081 ἀλλήλοις
698 3005 912 3094 ἐπαμείψομεν,
928 3007 1005 3093 ὄφρα
1019 3008 1071 3070 καὶ
1087 2999 1149 3070 οἵδε

372 3122 483 3202 γνῶσιν
500 3116 548 3179 ότι
564 3115 654 3197 ξεῖνοι
669 3109 817 3203 πατρώιοι
833 3118 967 3204 εὐχόμεθ’
987 3115 1069 3183 εἶναι.

282 3230 420 3290 Minerva
448 3249 564 3309 quoque
594 3250 661 3288 curn
677 3233 808 3291 Mentem
835 3251 865 3290 se
889 3251 952 3291 esse
972 3231 1097 3308 fingeret
1117 3231 1232 3301 attulit,
1260 3250 1289 3286 sc

218 3341 382 3420 antiquitus
397 3340 496 3400 Ulixis
510 3341 655 3419 hospitem
670 3360 732 3399 esse
748 3342 785 3399 cf.
803 3362 822 3400 α
840 3344 900 3401 187

373 3445 463 3527 ξεῖνοι
479 3440 504 3509 δ’
522 3449 668 3517 ἀλλήλων
683 3448 831 3532 πατρώιοι
860 3447 996 3536 εὐχόμεθ’
1013 3446 1088 3511 εἶναι

374 3556 407 3637 ἐξ
422 3560 513 3642 ἀρχῆς
527 3561 596 3620 κτλ.

286 3670 361 3731 Cum
386 3679 484 3730 antem
510 3672 562 3749 qui
583 3671 709 3750 hospitio
735 3671 799 3730 erat
822 3673 995 3730 coniunctus
1018 3681 1120 3750 captus
1140 3679 1231 3743 esset,
1255 3670 1292 3730 ab

224 3783 340 3868 hospite
355 3779 523 3838 solvebatur
538 3781 575 3839 cf.
593 3776 626 3839 Φ
642 3783 681 3839 42

374 3886 468 3950 κεῖθεν
485 3878 520 3949 δὲ
535 3885 628 3967 ξεῖνός
643 3913 691 3976 μιν
708 3889 851 3968 ἐλύσατο,
866 3888 969 3952 πολλοὶ
985 3881 1010 3950 δ’
1031 3878 1135 3954 ἔδωκε.

286 4001 358 4061 Jam
379 4020 449 4059 vero
468 3999 625 4075 addamus,
647 4002 791 4080 quidnam
814 4002 946 4060 homines
967 4003 1085 4062 omnino
1109 4001 1145 4061 de
1168 4004 1294 4081 hospitio
