2994 4942
630 428 672 432 -,
687 340 819 433 .ὶῖ-

246 528 336 588 Adde
351 528 429 608 quod
445 529 523 587 idem
539 528 616 586 Dolo
630 529 732 607 paullo
747 536 813 607 post
826 527 900 586 dicit
915 524 942 586 K
960 530 1021 588 378
1037 548 1092 606 sqq

335 627 484 723 ζωγρεῖτ’,
499 635 596 722 αὐτάρ
613 630 692 723 ἐγὼν
709 634 763 721 ἐμὲ
777 634 922 720 λύσομαι·
939 639 1005 698 ἔστι
1019 637 1077 723 γάρ
1095 628 1181 699 ἔνδον

333 746 448 831 χαλκός
461 768 498 810 τε
511 745 619 833 χρυσός
633 767 670 809 τε
684 745 882 831 πολύκμητός
897 769 933 808 τε
948 740 1068 831 σίδηρος

335 862 398 919 τῶν
414 857 438 918 κ’
458 855 550 942 ὔμμιν
565 855 723 942 χαρίσαιτο
738 855 840 942 πατὴρ
857 855 993 942 ἀπερείσι’
1014 855 1134 935 άποιναἾ

335 969 362 1028 εἴ
375 988 426 1028 κεν
442 965 496 1051 ἐμὲ
511 957 589 1040 ζωὸν
604 965 754 1028 πεπύθοιτ’
774 967 823 1029 ἐπὶ
839 968 940 1039 νηυσὶν
952 966 1100 1052 Ἀχαιῶν.

247 1103 362 1177 Quibus
376 1123 414 1163 ex
428 1104 562 1164 versibus
582 1105 814 1163 luculentissime
834 1113 967 1184 apparet,
989 1105 1074 1163 illum
1089 1104 1253 1163 Eumedem

183 1234 358 1291 praeconem
383 1215 484 1273 multis
499 1223 528 1272 et
548 1216 665 1292 magnis
691 1214 801 1273 divitiis
823 1215 990 1294 praeditum
1013 1216 1111 1274 fuisse.
1155 1213 1254 1288 Quum

183 1333 282 1382 antem
298 1324 404 1384 divites
419 1344 578 1403 praecones
594 1333 699 1398 essent,
713 1315 942 1385 consentaneum
957 1334 1001 1384 est
1017 1345 1065 1386 eos
1079 1346 1139 1383 non
1154 1344 1254 1384 servos

183 1435 282 1506 fuisse,
298 1454 476 1513 quamquam
491 1454 594 1511 regum
609 1436 735 1494 ministri
749 1423 946 1494 vocabantur:
961 1436 999 1494 cf.
1016 1434 1046 1493 A
1061 1438 1124 1496 320
1138 1455 1172 1513 sq

336 1558 403 1619 ἀλλ’
424 1559 439 1619 ὅ
455 1580 491 1644 γε
506 1555 677 1639 Ταλθύβιόν
692 1580 729 1620 τε
745 1559 798 1621 καὶ
815 1558 994 1643 Εὐρυβάτην
1008 1559 1182 1643 προσέειπεν
1254 1635 1258 1643 ¹

335 1669 382 1729 τώ
398 1674 425 1731 οὶ
442 1673 514 1731 ἔσαν
530 1670 638 1752 κήρυκε
654 1669 706 1731 καὶ
722 1665 839 1754 ὀτρηρὼ
857 1667 1023 1754 θεράποντε

184 1817 362 1875 quamquam
379 1799 457 1856 infra
470 1798 646 1872 videbimus,
662 1819 711 1858 eos
732 1799 833 1857 multis
853 1798 1023 1858 muneribus
1045 1799 1162 1858 functos
1181 1820 1254 1873 esse,
1345 1813 1348 1818 '

184 1926 380 1984 (praeserves
403 1909 481 1986 ipsos
500 1909 719 1968 administrasse
738 1909 826 1969 facile
846 1911 1014 1970 conieceris.
1060 1910 1102 1967 Et
1127 1910 1158 1967 in
1184 1910 1254 1988 ipsis

184 2016 305 2094 quidem
321 2017 500 2076 carminibus
515 2010 686 2103 δημιοεργοὶ
705 2039 864 2097 praecones
888 2019 1085 2097 appellantur,
1106 2040 1128 2078 τ
1145 2021 1205 2078 134
1221 2040 1253 2098 sq

337 2131 383 2207 τῷ
397 2124 469 2188 ούτε
486 2123 588 2205 ξείνων
605 2120 779 2212 ἐμπάζομαι
794 2125 853 2188 οὐθ’
873 2126 1001 2189 ἱκετάων

336 2236 410 2298 οὔτε
424 2260 455 2297 τι
469 2237 617 2323 κηρύκων,
633 2242 663 2300 οὶ
675 2229 847 2325 δημιοεργοὶ
863 2240 955 2300 ἔασιν.

251 2373 312 2432 sed
327 2376 449 2453 quinam
465 2375 509 2433 illi
525 2383 602 2450 sunt,
617 2377 669 2455 qui
684 2365 857 2462 δημιοεργοὶ
872 2373 1121 2435 nominabantur?
1138 2376 1254 2435 Sonos·

186 2501 313 2543 nonnus
328 2482 459 2559 (Griech.
476 2484 605 2545 Alterth.
627 2492 651 2560 1,
667 2494 695 2565 p.
713 2486 765 2566 37)
782 2488 861 2546 hunc
876 2487 907 2544 in
921 2487 1041 2545 modum
1055 2486 1138 2545 illam
1153 2506 1256 2546 vocem

185 2594 332 2671 explicat:
362 2595 413 2654 sie
435 2595 554 2654 werden
579 2596 637 2655 den
660 2586 852 2683 δημιουργοῖς
871 2596 898 2655 d.
915 2598 944 2656 h.
967 2597 1064 2656 denen
1087 2596 1254 2673 zugeaithlt,

186 2703 235 2762 die
261 2703 329 2762 dem
355 2705 511 2781 gemeinen
536 2707 648 2765 Wesen
674 2707 824 2766 ntitzliche
847 2707 1087 2784 Verrichtungen
1112 2705 1254 2766 auetiben.

185 2812 308 2886 Quanta
332 2823 430 2872 autem
457 2816 631 2875 auctoritate
655 2804 827 2899 δημιοεργοὶ
853 2816 978 2897 fuerint,
1004 2817 1131 2876 Eumaei
1157 2816 1255 2876 verbis

185 2922 335 3000 probatur,
351 2926 401 3002 qui
417 2945 431 3007 ρ
445 2927 509 3010 ’382
526 2946 580 3004 sqq
595 2927 667 2985 haec
684 2927 755 2986 dicit

337 3031 383 3105 τίς
398 3032 457 3120 γάρ
474 3024 511 3103 δη
529 3029 625 3113 ξεῖνον
639 3037 730 3096 καλεῖ
743 3033 872 3098 ἄλλοθεν
902 3031 995 3109 αὐτὸς
1011 3031 1145 3098 ἐπελθών

339 3141 433 3206 ἄλλον
448 3142 474 3231 γ
481 3191 488 3222 ,
503 3148 529 3206 εὶ
544 3143 585 3230 μη
601 3152 664 3206 τῶν
681 3148 710 3207 οὶ
723 3137 895 3232 δημιοεργοὶ
911 3148 1004 3222 ἔασιν,

338 3254 448 3339 μάντιν
463 3249 482 3325 ἢ
499 3259 609 3342 ἰητῆρα
624 3263 727 3318 κακῶν
743 3251 762 3326 ἦ
777 3255 911 3319 τέκτονα
923 3247 1052 3341 δούρων;

340 3355 425 3427 οὗτοι
439 3364 498 3454 γάρ
514 3363 623 3437 κλητοὶ
637 3387 673 3454 γε
688 3367 806 3454 βροτῶν
823 3367 866 3430 ἐπ
887 3365 1030 3451 ἀπείρονα
1044 3375 1148 3454 γαῖαν.

249 3501 438 3581 Quamquam
460 3505 551 3581 igitur
565 3505 595 3563 in
618 3523 721 3581 regum
740 3505 881 3563 ministris
901 3523 1061 3583 praecones
1080 3505 1256 3565 numerandi

185 3612 417 3686 accendentur,
439 3623 539 3673 tamen
560 3635 680 3693 prorsus
702 3614 787 3674 liberi
810 3623 903 3674 crant,
947 3614 996 3674 Ita
1018 3616 1130 3673 factum
1151 3622 1203 3688 est,
1223 3623 1255 3673 ut

186 3743 346 3801 praecones
361 3745 420 3782 non
436 3725 467 3782 in
482 3723 604 3782 aedibus
620 3725 706 3801 regis,
727 3724 779 3783 sed
800 3727 830 3783 in
851 3726 979 3803 ipsorum
1002 3723 1124 3784 aedibus
1143 3725 1256 3784 habita-

187 3843 260 3892 rent.
313 3834 552 3893 Consentaneum
576 3844 674 3893 autem
696 3844 757 3907 est,
782 3856 960 3912 praeconum
985 3835 1156 3895 muneribus
1178 3836 1257 3894 viros

186 3952 303 4002 tantum
329 3945 445 4003 functos
467 3965 538 4018 esse,
561 3946 611 4024 qui
638 3945 846 4024 prudentiane
872 3945 1035 4006 calliditate
1062 3944 1255 4006 excellebant.

187 4053 300 4127 Quodsi
320 4056 446 4133 quaeris,
466 4056 545 4116 unde
569 4057 622 4114 hor·
639 4055 874 4114 concludendum
896 4057 943 4127 sit,
966 4058 1097 4136 epitheta
1120 4064 1151 4116 ut
1173 4059 1257 4115 aiunt
