2994 4942
287 614 399 672 tissime
414 621 546 692 apparet,
570 613 699 673 Graecos
714 616 853 674 societate
868 617 1040 676 coniunctos
1055 617 1167 677 fuisse?
1211 619 1258 678 Ibi
1278 623 1361 680 enim

287 723 393 782 Ulixes
408 722 538 784 Graecos
553 733 720 784 retenturus
734 726 808 783 haee
824 725 913 784 dixit:
1360 696 1368 711 .

437 825 592 917 Ἀτρείδη,
609 837 658 895 νῦν
675 825 712 903 δή
731 855 773 911 σε,
789 825 877 913 ἄναξ,
892 833 1043 897 ἐθέλουσιν
1058 834 1177 922 Ἀχαιοί

439 950 530 1004 πᾶσιν
546 942 723 1031 ἐλέγχιστον
740 941 862 1029 θέμεναι
879 943 1037 1030 μερόπεσσι
1048 947 1206 1032 βροτοῖσιν,

441 1045 511 1114 οὐδέ
526 1075 575 1115 τοι
591 1054 771 1117 ἐκτελέουσν
787 1056 945 1140 ὑπόσχεσιν
961 1055 997 1124 ἥν
1013 1079 1069 1141 περ
1086 1056 1222 1120 ὑπέσταν

440 1154 538 1223 ἐνθάδ’
559 1165 606 1224 έτι
621 1164 789 1249 στείχοντες
804 1165 853 1227 ἀπ’
868 1162 997 1252 ’Ἄργεος
1011 1167 1200 1247 ἱπποβότοιο,

435 1269 530 1333 Ἴλιον
546 1272 721 1361 ἐκπέρσαντ’
742 1274 889 1360 εὐτείχεον
905 1275 1092 1338 ἀπονέεσθαι.

352 1385 409 1442 His
425 1394 523 1443 autem
540 1385 639 1445 verbis
660 1388 785 1466 probari,
807 1387 937 1447 Graecos
956 1409 1023 1446 oum
1042 1388 1268 1466 Agamemnone
1290 1411 1359 1450 eon-

288 1496 412 1554 soeiatos
428 1495 526 1572 fuisse,
548 1501 600 1558 vix
621 1504 665 1558 est
685 1497 760 1577 quod
782 1516 925 1556 moneam.
967 1498 1056 1557 Adde
1071 1499 1149 1580 quod
1164 1500 1265 1579 paullo
1280 1500 1361 1559 infra

289 1609 314 1672 B
331 1616 390 1673 339
408 1634 462 1693 sqq
477 1613 586 1671 Nestor
601 1613 675 1668 haee
689 1608 779 1667 dixit:

440 1726 484 1803 πῇ
498 1709 535 1789 δὴ
552 1716 699 1780 συνθεσίαι
713 1738 749 1778 τε
763 1717 815 1779 καὶ
831 1715 915 1802 ὅρκια
930 1715 1056 1798 βήσεται
1070 1716 1154 1803 ἦμος

441 1836 472 1894 ἐν
489 1830 558 1917 πυρὶ
574 1823 611 1899 δὴ
627 1826 735 1909 βουλαί
749 1850 784 1890 τε
799 1828 941 1915 γενοίατο
957 1819 1056 1914 μήδεα
1071 1827 1097 1888 τ’
1118 1820 1235 1913 ἀνδρῶν

439 1926 569 2004 σπονδαί
584 1940 609 2000 τ’
627 1938 753 2023 ἄκρητοι
768 1939 820 2000 καὶ
835 1930 940 2016 δεξιαί,
955 1928 991 2021 ἧς
1005 1934 1175 2022 ἐπέπιθμεν.

352 2054 419 2129 Quo
433 2055 497 2113 loeo
512 2052 588 2112 bene
599 2053 722 2110 Faesius
737 2060 844 2124 censet,
861 2050 936 2109 illud
952 2051 1127 2130 promissum
1142 2059 1359 2111 sacramentum

287 2164 435 2243 quoddam
451 2165 555 2223 fuisse:
583 2161 660 2220 dixit
679 2163 758 2220 enim
777 2157 954 2243 ].1.,,ὅρκια
977 2159 1044 2219 sind
1065 2159 1112 2219 die
1129 2162 1189 2219 286
1205 2171 1359 2237 genaunte

286 2270 457 2356 ὑποσχέσις,
482 2274 549 2333 eine
569 2272 626 2331 Art
648 2271 823 2331 Fahneneid
845 2273 1086 2345 (sacramentum)
1109 2271 1164 2329 auf
1183 2270 1360 2349 Grundlage

286 2384 366 2443 eines
381 2383 571 2461 freiwilligen
585 2385 775 2458 Vertrages.“

349 2494 415 2551 Iam
441 2514 511 2553 vero
539 2495 705 2573 quaeritur,
735 2513 882 2572 quaenam
908 2495 1027 2552 omnino
1053 2493 1197 2551 sociorum
1224 2490 1359 2552 condicio

285 2603 383 2663 fuerit.
427 2603 524 2683 Supra
543 2604 603 2661 iam
623 2612 880 2662 commemoratum
906 2612 963 2677 est,
991 2602 1141 2661 Achillem
1163 2602 1304 2661 acerrime
1325 2604 1358 2662 in
1446 2658 1448 2662 .

285 2712 541 2790 Agamemnonem
556 2714 658 2773 invehi
681 2713 783 2774 videri.
829 2714 888 2774 Sed
908 2714 1028 2774 videtur
1046 2721 1177 2770 tantum:
1201 2733 1270 2771 nam
1290 2732 1359 2772 mea

285 2824 404 2903 quidem
428 2825 574 2883 sententia
593 2824 728 2883 Achilles
749 2846 800 2883 suo
824 2826 888 2883 iure
915 2824 1171 2902 Agamemnonem
1194 2823 1246 2882 illo
1269 2822 1358 2881 modo

284 2936 431 2993 tractavit.
476 2934 613 3013 Apparet
628 2943 741 3008 autem,
762 2935 1031 3011 Agamemnonem,
1052 2935 1077 2991 si
1092 2932 1227 2991 Achilles
1247 2934 1358 3012 quippe

284 3045 332 3102 eui
347 3044 443 3103 minor
457 3053 587 3124 potestas
602 3053 687 3117 esset,
707 3045 828 3123 obsequi
843 3043 1000 3119 debuisset,
1022 3065 1082 3103 non
1102 3043 1154 3102 illo
1173 3042 1260 3100 modo
1275 3051 1357 3100 aetu-

283 3175 349 3212 rum
364 3155 462 3229 fuisse,
479 3164 512 3213 ut
526 3155 616 3214 finem
632 3176 716 3213 suum
732 3162 942 3233 assequeretur.
978 3155 1082 3233 Neque
1097 3152 1232 3211 Achilles
1248 3152 1357 3212 audere

283 3266 392 3342 potuit,
413 3285 480 3324 eum
500 3266 551 3345 qui
572 3265 707 3325 omnibus
726 3264 850 3323 ducibus
869 3265 1002 3342 potentia
1021 3273 1051 3322 et
1072 3264 1248 3322 auctoritate
1271 3282 1355 3342 pree-

284 3381 387 3448 staret,
410 3375 461 3433 illo
481 3377 641 3454 asperrimo
660 3375 746 3433 modo
766 3383 901 3434 tractare.
947 3375 1006 3433 Res
1026 3382 1126 3433 autem
1145 3374 1211 3447 illa,
1239 3373 1276 3433 de
1296 3393 1356 3452 qua
1403 3434 1413 3441 ,

283 3486 390 3561 agitur,
407 3486 478 3543 satis
493 3494 563 3544 nota
577 3493 629 3545 est.
673 3484 861 3561 Agamemno
882 3486 960 3544 enim
975 3485 1146 3563 postulavit,
1167 3492 1200 3542 ut
1219 3482 1356 3543 Achilles

283 3595 419 3654 Briseida
433 3594 583 3671 redderet,
604 3604 760 3675 propterea
778 3594 857 3675 quod
881 3594 1009 3674 Chryses
1030 3595 1122 3653 filiam
1144 3613 1226 3652 suam
1247 3595 1354 3672 repeti-

281 3714 381 3765 verat:
396 3726 485 3785 quam
500 3705 619 3786 quidem
633 3705 763 3784 puellam
774 3704 908 3764 Achilles
919 3726 980 3763 non
990 3705 1083 3763 solum
1095 3705 1242 3762 recusavit
1250 3724 1356 3762 verum

282 3817 372 3876 etiam
387 3819 516 3875 minatus
532 3825 588 3891 est,
608 3837 639 3875 se
661 3816 779 3874 domum
800 3815 963 3874 rediturum
984 3836 1059 3888 esse,
1081 3816 1105 3872 si
1121 3814 1307 3891 Agamemno
1322 3816 1354 3873 vi

281 3927 364 3986 illam
377 3926 544 3986 abduceret.
573 3925 674 4000 Quid?
688 3926 768 4007 quod
778 3926 966 4003 Agamemno
976 3925 1050 3985 illud
1064 3925 1219 3984 consilium
1235 3924 1353 3983 domum

281 4035 426 4095 redeundi
441 4035 585 4116 impedire
601 4057 661 4094 non
675 4038 780 4115 potuit.
816 4036 880 4096 Neo
895 4043 995 4095 tamen
1010 4038 1187 4109 omittamus,
1202 4054 1305 4094 versus
1320 4036 1352 4095 in

284 4146 463 4205 carminibus
479 4146 635 4205 homericis
656 4146 792 4220 inveniri,
812 4165 828 4206 e
849 4145 955 4225 quibus
973 4144 1193 4222 Agamemnoni
1211 4145 1352 4203 maiorem
