2994 4942
740 281 759 344 8

649 370 844 378 ψ...-

210 473 607 546 Rua1uouau‚Kosuunu,
632 471 885 544 Scaoausuuuu,
910 471 1116 547 Nmzscuruu,
1140 473 1213 532 alios
1232 475 1283 552 qui

211 581 282 641 data
302 584 457 641 occasione
480 582 525 640 ius
545 583 680 658 gentium
704 565 884 641 homericum
904 583 1068 661 attigerunt
1090 585 1200 663 quique
1220 584 1280 642 suis

155 744 158 748 Α
176 774 179 778 Δ
209 691 281 751 locis
296 713 314 751 a
329 713 376 753 me
391 691 705 752 commemorabuntur.

274 803 340 861 Iam
354 823 425 863 uero
442 823 589 876 conemur,
606 802 733 878 vestigia
747 803 820 862 iuris
837 805 972 880 gentium
983 805 1124 863 homerici
1135 813 1279 883 quantum

210 933 364 991 possumus
388 914 532 992 indagare
558 921 587 973 ct
613 933 788 991 quaeramus
813 934 961 992 quaenam
986 914 1039 973 illa
1061 915 1189 992 uestigia
1210 917 1277 975 sint.

210 1022 308 1096 Quam
323 1023 443 1103 quidem
459 1025 661 1103 quaestionem
675 1024 718 1082 ita
737 1025 937 1097 instituamus,
958 1033 991 1083 ut
1012 1025 1140 1104 primum
1161 1026 1282 1105 quidem

211 1133 247 1193 dc
263 1136 333 1194 iuris
349 1136 483 1211 gentium
498 1134 632 1211 vestigiis
644 1154 776 1211 agamus,
788 1136 908 1213 quaein
919 1155 1001 1213 pace,
1014 1144 1078 1194 tum
1089 1135 1127 1196 de
1138 1137 1279 1214 vestigiis,
1304 1165 1307 1170 ¹

148 1236 153 1275 3
209 1264 285 1323 quae
300 1246 331 1304 in
347 1244 424 1305 bello
440 1251 609 1304 cernuntur.

275 1355 457 1435 Incipiamus
472 1357 563 1433 igitur
578 1354 615 1413 ab
629 1353 808 1432 indagandis
820 1356 953 1433 vestigiis
964 1357 1035 1414 iuris
1045 1358 1189 1434 gentium,
1204 1377 1279 1436 quae

211 1467 291 1543 pacis
313 1468 455 1526 institutis
477 1467 671 1527 ostenduntur
693 1476 732 1524 ac'
749 1467 876 1544 primum
897 1466 1017 1546 quidem
1041 1465 1079 1527 de
1104 1468 1278 1527 commercio

210 1583 350 1641 dicamus.
394 1579 460 1638 Illis
479 1578 559 1637 enim
581 1577 791 1656 antiquissimis
816 1576 996 1657 temporibus
1022 1598 1102 1638 more
1127 1586 1277 1657 receptum

210 1701 282 1766 erat,
292 1700 326 1750 ut
336 1690 411 1749 bene
422 1689 636 1767 exciperentur,
644 1688 694 1765 qui
706 1688 835 1766 hospites
847 1687 886 1746 ad
897 1687 1015 1747 aedium
1026 1696 1126 1767 portas
1134 1690 1277 1749 venirent.

209 1803 269 1878 Qui
284 1822 346 1861 mos
360 1809 421 1859 tam
436 1799 617 1858 necessarius
631 1806 703 1870 erat,
716 1807 749 1856 ut
759 1798 816 1857 nisi
826 1799 930 1856 fuisset
941 1799 1060 1857 omnino
1072 1800 1278 1858 commercium

209 1914 274 1973 fieri
289 1933 349 1971 non
363 1917 468 1989 posset.
514 1908 730 1968 Commercium
749 1915 848 1967 autem
868 1908 927 1967 illis
948 1908 1129 1987 temporibus
1148 1910 1207 1967 iam
1227 1910 1278 1967 flo-

184 2032 188 2047 '
210 2026 303 2083 ruisse
323 2023 409 2080 certis
429 2020 611 2097 argumentis
632 2039 668 2078 ex
690 2019 761 2097 ipsis
783 2018 963 2077 carminibus
985 2021 1109 2097 sumptis
1126 2018 1280 2098 probatur:

210 2156 270 2214 qua
285 2133 322 2192 de
337 2151 369 2191 re
383 2132 573 2189 Praasoruus
589 2130 619 2188 in
635 2130 793 2187 novimus.
810 2129 905 2188 Rhen.
922 2130 973 2188 vol
989 2131 1037 2188 16.
1053 2150 1081 2207 p.
1100 2131 1140 2188 8⁵2
1157 2149 1211 2208 sqq
1233 2148 1281 2187 ac-

211 2244 394 2304 curatissime
409 2240 524 2317 agebat.
556 2239 796 2299 Consentaneum
811 2248 909 2298 autem
923 2247 976 2304 est,
987 2239 1063 2298 illud
1075 2240 1280 2298 commercium
1346 2217 1347 2220 Ἴ

210 2355 272 2414 fere
287 2354 363 2412 nihil
377 2351 459 2410 aliud
474 2352 531 2410 nisi
546 2370 643 2410 rerum
659 2351 919 2409 commutationem
934 2350 1033 2409 fuisse.
1065 2351 1157 2410 Velut
1171 2344 1202 2408 H
1217 2352 1279 2409 467

211 2468 283 2544 sqq1
303 2471 448 2536 narratur,
470 2480 564 2520 naves
578 2462 692 2521 Lemno
707 2459 746 2519 ad
762 2458 943 2519 Graecorum
955 2468 1052 2519 castra
1062 2461 1187 2532 venisse,
1203 2479 1279 2539 quae

210 2577 314 2634 vinum
325 2573 463 2633 afferrent
474 2572 572 2652 ibique
587 2580 693 2631 nautas
708 2573 812 2630 vinum
826 2572 918 2629 variis
932 2569 1019 2630 rebus
1034 2580 1235 2631 commutasse.

364 2707 430 2770 νῆες
445 2690 469 2759 δ’
487 2699 523 2760 ἐκ
537 2695 678 2782 Λήμνοιο
693 2695 890 2781 παρέστασαν
906 2693 984 2759 οἶνον
1001 2694 1129 2784 ἄγουσαι

362 2808 484 2891 πολλαί,
499 2808 557 2881 τὰς
570 2805 717 2893 προέηκεν
729 2799 894 2880 Ἰησονίδης
910 2805 1034 2880 Εὔνηος,

364 2919 444 2982 ἔνθεν
461 2918 504 3004 ἄρ’
523 2909 669 2992 οἰνίζοντο
684 2917 935 3004 καρηκομόωντας
948 2915 1075 3002 Ἀχαιοί,

363 3029 453 3092 ἄλλοι
468 3028 523 3116 μὲν
538 3032 654 3115 χαλκῷ,
671 3028 761 3094 ἄλλοι
778 3017 802 3090 δ’
816 3027 918 3089 αἴθωνι
934 3019 1055 3114 σιδήρῳ,

363 3140 454 3203 ἄλλοι
470 3129 504 3202 δὲ
521 3143 617 3229 ρἰνοῖς,
634 3140 723 3201 ἄλλοι
738 3130 764 3199 δ’
778 3141 890 3222 αὐτῇσι
906 3138 1032 3220 βόεσσιν,

363 3250 453 3313 ἄλλοι
468 3245 493 3313 δ’
512 3241 737 3337 ανδροπόδεσσι.

274 3388 338 3449 Nec
354 3391 448 3448 solum
464 3390 580 3448 Lemnii
595 3397 771 3448 mercatores
786 3390 876 3449 fuisse
891 3389 1055 3462 traduntur,
1072 3410 1175 3449 verum
1191 3393 1280 3450 etiam

209 3502 334 3580 Taphii‚
356 3499 524 3572 Cretenses,
549 3501 676 3559 maxime
698 3501 870 3560 Phoenices.
916 3499 1070 3572 Quantum
1090 3510 1189 3560 autem
1204 3501 1279 3560 illud

210 3608 416 3671 commercium
432 3611 533 3683 fuerit,
556 3618 680 3689 apparet
694 3629 731 3669 ex
746 3631 781 3669 eo
796 3610 876 3688 quod
891 3610 934 3667 illi
951 3610 1077 3668 navibus
1092 3612 1151 3669 suis
1165 3612 1197 3670 in
1211 3612 1279 3669 ulti·
1296 3678 1299 3682 Δ

210 3743 272 3781 mas
288 3730 376 3800 atque
392 3730 538 3781 extremas
551 3729 645 3789 terras
660 3721 888 3797 navigaverunt.
920 3722 1058 3800 Namque
1073 3730 1103 3780 et
1114 3723 1144 3780 in
1156 3719 1278 3799 Aegyp-

279 3944 287 3973 ¹
307 3945 399 3990 Versus
410 3943 531 3988 homerici
544 3941 680 3988 secundum
692 3942 797 4002 primam
816 3943 939 3989 urrann
958 3943 1094 3988 editionem
1113 3943 1198 3992 Berol.
1216 3946 1278 3989 1843

210 4028 302 4074 editam
316 4028 458 4074 laudantur.
