<?xml version="1.0" encoding="UTF-8"?>
<!DOCTYPE html PUBLIC "-//W3C//DTD XHTML 1.0 Transitional//EN"
    "http://www.w3.org/TR/xhtml1/DTD/xhtml1-transitional.dtd">
<html xmlns="http://www.w3.org/1999/xhtml" xml:lang="en" lang="en">
 <head>
  <title>
</title>
<meta http-equiv="Content-Type" content="text/html;charset=utf-8" />
  <meta name='ocr-system' content='tesseract 3.04.00' />
  <meta name='ocr-capabilities' content='ocr_page ocr_carea ocr_par ocr_line ocrx_word'/>
</head>
<body>
  <div class='ocr_page' id='page_1' title='image "./devestigiisiuri01sorggoog_0051.png"; bbox 0 0 2994 4942; ppageno 0'>
   <div class='ocr_carea' id='block_1_1' title="bbox 347 296 1422 2220">
    <p class='ocr_par' dir='ltr' id='par_1_1' title="bbox 348 296 1422 1116">
     <span class='ocr_line' id='line_1_1' title="bbox 861 296 903 359; baseline 0 0"><span class='ocrx_word' id='word_1_1' title='bbox 861 296 903 359; x_wconf 78' lang='lat'>50</span> 
     </span>
     <span class='ocr_line' id='line_1_2' title="bbox 654 475 962 566; baseline -0.003 -22"><span class='ocrx_word' id='word_1_2' title='bbox 654 489 705 544; x_wconf 81' lang='grc' dir='ltr'>νῦν</span> <span class='ocrx_word' id='word_1_3' title='bbox 722 475 747 544; x_wconf 81' lang='grc' dir='ltr'>δ’</span> <span class='ocrx_word' id='word_1_4' title='bbox 768 480 854 566; x_wconf 83' lang='grc' dir='ltr'>ὅρκια</span> <span class='ocrx_word' id='word_1_5' title='bbox 868 483 962 544; x_wconf 84' lang='grc' dir='ltr'>πιστά</span> 
     </span>
     <span class='ocr_line' id='line_1_3' title="bbox 500 585 1370 680; baseline 0.002 -25"><span class='ocrx_word' id='word_1_6' title='bbox 500 591 682 679; x_wconf 75' lang='grc' dir='ltr'>ψευσάμενοι</span> <span class='ocrx_word' id='word_1_7' title='bbox 698 591 885 678; x_wconf 82' lang='grc' dir='ltr'>μαχόμεσθα·</span> <span class='ocrx_word' id='word_1_8' title='bbox 903 597 948 673; x_wconf 83' lang='grc' dir='ltr'>τῷ</span> <span class='ocrx_word' id='word_1_9' title='bbox 964 593 997 654; x_wconf 84' lang='grc' dir='ltr'>οὔ</span> <span class='ocrx_word' id='word_1_10' title='bbox 1013 594 1047 655; x_wconf 83' lang='grc' dir='ltr'>νύ</span> <span class='ocrx_word' id='word_1_11' title='bbox 1062 618 1093 655; x_wconf 89' lang='grc' dir='ltr'>τι</span> <span class='ocrx_word' id='word_1_12' title='bbox 1108 585 1226 680; x_wconf 74' lang='grc' dir='ltr'>κέρδιον</span> <span class='ocrx_word' id='word_1_13' title='bbox 1241 595 1312 679; x_wconf 78' lang='grc' dir='ltr'>ἥμιν</span> <span class='ocrx_word' id='word_1_14' title='bbox 1329 632 1370 642; x_wconf 91' lang='grc'>-</span> 
     </span>
     <span class='ocr_line' id='line_1_4' title="bbox 348 704 1421 784; baseline 0.001 -18"><span class='ocrx_word' id='word_1_15' title='bbox 348 708 451 783; x_wconf 86' lang='lat' dir='ltr'>negari</span> <span class='ocrx_word' id='word_1_16' title='bbox 477 707 588 784; x_wconf 88' lang='lat' dir='ltr'>nequit,</span> <span class='ocrx_word' id='word_1_17' title='bbox 616 706 669 765; x_wconf 90' lang='lat' dir='ltr'>illa</span> <span class='ocrx_word' id='word_1_18' title='bbox 694 704 813 764; x_wconf 84' lang='lat' dir='ltr'>foedera</span> <span class='ocrx_word' id='word_1_19' title='bbox 842 707 942 782; x_wconf 86' lang='lat' dir='ltr'>magni</span> <span class='ocrx_word' id='word_1_20' title='bbox 972 706 1073 766; x_wconf 85' lang='lat' dir='ltr'>habita</span> <span class='ocrx_word' id='word_1_21' title='bbox 1099 727 1161 767; x_wconf 87' lang='grc'>1111</span> <span class='ocrx_word' id='word_1_22' title='bbox 1183 716 1213 766; x_wconf 88' lang='grc'>11</span> <span class='ocrx_word' id='word_1_23' title='bbox 1235 707 1365 768; x_wconf 83' lang='lat' dir='ltr'>Graecos</span> <span class='ocrx_word' id='word_1_24' title='bbox 1390 718 1421 769; x_wconf 90' lang='lat' dir='ltr'>et</span> 
     </span>
     <span class='ocr_line' id='line_1_5' title="bbox 348 815 1422 896; baseline 0.001 -19"><span class='ocrx_word' id='word_1_25' title='bbox 348 820 493 877; x_wconf 83' lang='lat' dir='ltr'>Troia-nos</span> <span class='ocrx_word' id='word_1_26' title='bbox 508 818 646 875; x_wconf 86' lang='lat' dir='ltr'>iniuriam</span> <span class='ocrx_word' id='word_1_27' title='bbox 667 815 787 874; x_wconf 84' lang='lat' dir='ltr'>duxisse</span> <span class='ocrx_word' id='word_1_28' title='bbox 802 815 906 875; x_wconf 87' lang='lat' dir='ltr'>foedus</span> <span class='ocrx_word' id='word_1_29' title='bbox 926 818 1018 875; x_wconf 88' lang='lat' dir='ltr'>ictum</span> <span class='ocrx_word' id='word_1_30' title='bbox 1038 818 1260 896; x_wconf 77' lang='lat' dir='ltr'><strong>interrumpere.</strong></span> <span class='ocrx_word' id='word_1_31' title='bbox 1305 819 1422 893; x_wconf 79' lang='lat' dir='ltr'>Quodsi</span> 
     </span>
     <span class='ocr_line' id='line_1_6' title="bbox 350 926 1421 1008; baseline 0.002 -21"><span class='ocrx_word' id='word_1_32' title='bbox 350 949 452 988; x_wconf 91' lang='lat' dir='ltr'>verum</span> <span class='ocrx_word' id='word_1_33' title='bbox 479 936 535 999; x_wconf 88' lang='lat' dir='ltr'>est,</span> <span class='ocrx_word' id='word_1_34' title='bbox 561 926 796 985; x_wconf 87' lang='lat' dir='ltr'>luculentissima</span> <span class='ocrx_word' id='word_1_35' title='bbox 820 927 869 984; x_wconf 93' lang='lat' dir='ltr'>hic</span> <span class='ocrx_word' id='word_1_36' title='bbox 895 936 1011 986; x_wconf 86' lang='lat' dir='ltr'>exstare</span> <span class='ocrx_word' id='word_1_37' title='bbox 1036 929 1108 986; x_wconf 90' lang='lat' dir='ltr'>iuris</span> <span class='ocrx_word' id='word_1_38' title='bbox 1133 930 1267 1005; x_wconf 88' lang='lat' dir='ltr'>gentium</span> <span class='ocrx_word' id='word_1_39' title='bbox 1292 932 1421 1008; x_wconf 85' lang='lat' dir='ltr'>vestigia</span> 
     </span>
     <span class='ocr_line' id='line_1_7' title="bbox 350 1037 729 1116; baseline -0.008 -19"><span class='ocrx_word' id='word_1_40' title='bbox 350 1058 436 1097; x_wconf 90' lang='lat' dir='ltr'>nemo</span> <span class='ocrx_word' id='word_1_41' title='bbox 453 1046 498 1097; x_wconf 91' lang='grc'>111</span> <span class='ocrx_word' id='word_1_42' title='bbox 511 1038 563 1116; x_wconf 90' lang='lat' dir='ltr'>qui</span> <span class='ocrx_word' id='word_1_43' title='bbox 578 1037 729 1095; x_wconf 89' lang='lat' dir='ltr'>infitietur.</span> 
     </span>
    </p>

    <p class='ocr_par' dir='ltr' id='par_1_2' title="bbox 347 1147 1422 2220">
     <span class='ocr_line' id='line_1_8' title="bbox 413 1147 1420 1230; baseline 0.002 -23"><span class='ocrx_word' id='word_1_44' title='bbox 413 1147 473 1208; x_wconf 85' lang='lat' dir='ltr'>Sed</span> <span class='ocrx_word' id='word_1_45' title='bbox 489 1148 549 1207; x_wconf 87' lang='lat' dir='ltr'>alia</span> <span class='ocrx_word' id='word_1_46' title='bbox 569 1167 684 1226; x_wconf 90' lang='lat' dir='ltr'>quoque</span> <span class='ocrx_word' id='word_1_47' title='bbox 704 1148 832 1224; x_wconf 85' lang='lat' dir='ltr'>vestigra</span> <span class='ocrx_word' id='word_1_48' title='bbox 854 1156 984 1221; x_wconf 89' lang='lat' dir='ltr'>exstant,</span> <span class='ocrx_word' id='word_1_49' title='bbox 1007 1147 1114 1228; x_wconf 92' lang='lat' dir='ltr'>quibus</span> <span class='ocrx_word' id='word_1_50' title='bbox 1136 1147 1288 1226; x_wconf 79' lang='lat' dir='ltr'>probetur,</span> <span class='ocrx_word' id='word_1_51' title='bbox 1314 1153 1420 1230; x_wconf 86' lang='lat' dir='ltr'>quanti</span> 
     </span>
     <span class='ocr_line' id='line_1_9' title="bbox 348 1257 1422 1337; baseline 0.002 -21"><span class='ocrx_word' id='word_1_52' title='bbox 348 1258 500 1318; x_wconf 86' lang='lat' dir='ltr'>foederum</span> <span class='ocrx_word' id='word_1_53' title='bbox 516 1259 639 1316; x_wconf 90' lang='lat' dir='ltr'>ictorum</span> <span class='ocrx_word' id='word_1_54' title='bbox 656 1259 815 1316; x_wconf 88' lang='lat' dir='ltr'>auctoritas</span> <span class='ocrx_word' id='word_1_55' title='bbox 829 1257 931 1317; x_wconf 88' lang='lat' dir='ltr'>habita</span> <span class='ocrx_word' id='word_1_56' title='bbox 948 1259 994 1317; x_wconf 86' lang='grc'>111.</span> <span class='ocrx_word' id='word_1_57' title='bbox 1024 1259 1161 1337; x_wconf 83' lang='lat' dir='ltr'>Namque</span> <span class='ocrx_word' id='word_1_58' title='bbox 1176 1266 1283 1317; x_wconf 85' lang='lat' dir='ltr'>etcum</span> <span class='ocrx_word' id='word_1_59' title='bbox 1296 1259 1422 1320; x_wconf 86' lang='lat' dir='ltr'>Graecis</span> 
     </span>
     <span class='ocr_line' id='line_1_10' title="bbox 350 1367 1420 1449; baseline 0 -21"><span class='ocrx_word' id='word_1_60' title='bbox 350 1378 378 1428; x_wconf 90' lang='lat' dir='ltr'>et</span> <span class='ocrx_word' id='word_1_61' title='bbox 395 1389 461 1427; x_wconf 91' lang='lat' dir='ltr'>cum</span> <span class='ocrx_word' id='word_1_62' title='bbox 476 1369 615 1427; x_wconf 82' lang='lat' dir='ltr'>Troianis</span> <span class='ocrx_word' id='word_1_63' title='bbox 630 1369 700 1427; x_wconf 90' lang='lat' dir='ltr'>socii</span> <span class='ocrx_word' id='word_1_64' title='bbox 716 1367 883 1426; x_wconf 85' lang='lat' dir='ltr'>foederibus</span> <span class='ocrx_word' id='word_1_65' title='bbox 899 1370 1049 1427; x_wconf 90' lang='lat' dir='ltr'>coniuncti</span> <span class='ocrx_word' id='word_1_66' title='bbox 1064 1377 1156 1427; x_wconf 89' lang='lat' dir='ltr'>erant.</span> <span class='ocrx_word' id='word_1_67' title='bbox 1198 1367 1283 1442; x_wconf 80' lang='lat' dir='ltr'>Quae</span> <span class='ocrx_word' id='word_1_68' title='bbox 1299 1369 1420 1449; x_wconf 89' lang='lat' dir='ltr'>quidem</span> 
     </span>
     <span class='ocr_line' id='line_1_11' title="bbox 348 1477 1418 1558; baseline 0.003 -22"><span class='ocrx_word' id='word_1_69' title='bbox 348 1480 535 1558; x_wconf 79' lang='lat' dir='ltr'>quaestio-</span> <span class='ocrx_word' id='word_1_70' title='bbox 552 1487 697 1557; x_wconf 89' lang='lat' dir='ltr'>quantum</span> <span class='ocrx_word' id='word_1_71' title='bbox 712 1477 751 1537; x_wconf 87' lang='lat' dir='ltr'>ad</span> <span class='ocrx_word' id='word_1_72' title='bbox 766 1478 896 1537; x_wconf 86' lang='lat' dir='ltr'>Graecos</span> <span class='ocrx_word' id='word_1_73' title='bbox 912 1486 1025 1557; x_wconf 90' lang='lat' dir='ltr'>spectat</span> <span class='ocrx_word' id='word_1_74' title='bbox 1044 1511 1086 1520; x_wconf 87' lang='lat'>·—</span> <span class='ocrx_word' id='word_1_75' title='bbox 1109 1481 1237 1538; x_wconf 80' lang='lat' dir='ltr'>maxime</span> <span class='ocrx_word' id='word_1_76' title='bbox 1252 1481 1284 1538; x_wconf 92' lang='lat' dir='ltr'>in</span> <span class='ocrx_word' id='word_1_77' title='bbox 1299 1500 1334 1539; x_wconf 90' lang='lat' dir='ltr'>ea</span> <span class='ocrx_word' id='word_1_78' title='bbox 1350 1501 1418 1540; x_wconf 92' lang='lat' dir='ltr'>con-</span> 
     </span>
     <span class='ocr_line' id='line_1_12' title="bbox 348 1584 1421 1669; baseline 0.002 -23"><span class='ocrx_word' id='word_1_79' title='bbox 348 1588 463 1648; x_wconf 90' lang='lat' dir='ltr'>dicione</span> <span class='ocrx_word' id='word_1_80' title='bbox 479 1590 615 1663; x_wconf 89' lang='lat' dir='ltr'>vertitur,</span> <span class='ocrx_word' id='word_1_81' title='bbox 639 1584 727 1667; x_wconf 85' lang='lat' dir='ltr'>&#39;quam</span> <span class='ocrx_word' id='word_1_82' title='bbox 746 1590 824 1648; x_wconf 91' lang='lat' dir='ltr'>inter</span> <span class='ocrx_word' id='word_1_83' title='bbox 838 1588 1092 1666; x_wconf 84' lang='lat' dir='ltr'>Agamemnonem</span> <span class='ocrx_word' id='word_1_84' title='bbox 1112 1589 1247 1669; x_wconf 86' lang='lat' dir='ltr'>aliosque</span> <span class='ocrx_word' id='word_1_85' title='bbox 1269 1591 1421 1669; x_wconf 86' lang='lat' dir='ltr'>principes</span> 
     </span>
     <span class='ocr_line' id='line_1_13' title="bbox 347 1698 1418 1774; baseline 0.002 -17"><span class='ocrx_word' id='word_1_86' title='bbox 347 1699 438 1758; x_wconf 87' lang='lat' dir='ltr'>fuisse</span> <span class='ocrx_word' id='word_1_87' title='bbox 453 1701 615 1758; x_wconf 89' lang='lat' dir='ltr'>statuimus.</span> <span class='ocrx_word' id='word_1_88' title='bbox 647 1699 675 1757; x_wconf 89' lang='lat' dir='ltr'>N</span> <span class='ocrx_word' id='word_1_89' title='bbox 678 1700 839 1758; x_wconf 89' lang='lat' dir='ltr'>ctissimum</span> <span class='ocrx_word' id='word_1_90' title='bbox 856 1709 954 1758; x_wconf 87' lang='lat' dir='ltr'>autem</span> <span class='ocrx_word' id='word_1_91' title='bbox 970 1708 1022 1774; x_wconf 92' lang='lat' dir='ltr'>est,</span> <span class='ocrx_word' id='word_1_92' title='bbox 1042 1701 1074 1757; x_wconf 94' lang='lat' dir='ltr'>in</span> <span class='ocrx_word' id='word_1_93' title='bbox 1089 1699 1185 1758; x_wconf 89' lang='lat' dir='ltr'>Iliade</span> <span class='ocrx_word' id='word_1_94' title='bbox 1201 1698 1328 1758; x_wconf 93' lang='lat' dir='ltr'>Achillis</span> <span class='ocrx_word' id='word_1_95' title='bbox 1342 1702 1418 1759; x_wconf 91' lang='lat' dir='ltr'>iram</span> 
     </span>
     <span class='ocr_line' id='line_1_14' title="bbox 348 1808 1419 1888; baseline 0.001 -20"><span class='ocrx_word' id='word_1_96' title='bbox 348 1808 504 1884; x_wconf 89' lang='lat' dir='ltr'>celebrari,</span> <span class='ocrx_word' id='word_1_97' title='bbox 526 1809 608 1868; x_wconf 90' lang='lat' dir='ltr'>illam</span> <span class='ocrx_word' id='word_1_98' title='bbox 627 1810 701 1868; x_wconf 89' lang='lat' dir='ltr'>iram</span> <span class='ocrx_word' id='word_1_99' title='bbox 722 1809 801 1877; x_wconf 80' lang='lat' dir='ltr'>dice,</span> <span class='ocrx_word' id='word_1_100' title='bbox 829 1829 888 1888; x_wconf 87' lang='lat' dir='ltr'>qua</span> <span class='ocrx_word' id='word_1_101' title='bbox 907 1817 1068 1868; x_wconf 88' lang='lat' dir='ltr'>commotus</span> <span class='ocrx_word' id='word_1_102' title='bbox 1090 1829 1108 1867; x_wconf 89' lang='lat' dir='ltr'>a</span> <span class='ocrx_word' id='word_1_103' title='bbox 1128 1808 1205 1867; x_wconf 93' lang='lat' dir='ltr'>bello</span> <span class='ocrx_word' id='word_1_104' title='bbox 1225 1809 1367 1868; x_wconf 79' lang='lat' dir='ltr'>abstinuit</span> <span class='ocrx_word' id='word_1_105' title='bbox 1388 1820 1419 1869; x_wconf 90' lang='lat' dir='ltr'>et</span> 
     </span>
     <span class='ocr_line' id='line_1_15' title="bbox 348 1917 1418 1993; baseline 0.001 -16"><span class='ocrx_word' id='word_1_106' title='bbox 348 1917 485 1979; x_wconf 85' lang='lat' dir='ltr'>Patroclo</span> <span class='ocrx_word' id='word_1_107' title='bbox 509 1918 628 1978; x_wconf 89' lang='lat' dir='ltr'>demum</span> <span class='ocrx_word' id='word_1_108' title='bbox 654 1918 692 1978; x_wconf 87' lang='lat' dir='ltr'>ab</span> <span class='ocrx_word' id='word_1_109' title='bbox 717 1920 847 1978; x_wconf 87' lang='lat' dir='ltr'>Hectore</span> <span class='ocrx_word' id='word_1_110' title='bbox 869 1920 1024 1978; x_wconf 88' lang='lat' dir='ltr'>interfecto</span> <span class='ocrx_word' id='word_1_111' title='bbox 1045 1919 1191 1978; x_wconf 90' lang='lat' dir='ltr'>adductus</span> <span class='ocrx_word' id='word_1_112' title='bbox 1215 1928 1272 1993; x_wconf 91' lang='lat' dir='ltr'>est,</span> <span class='ocrx_word' id='word_1_113' title='bbox 1294 1929 1326 1978; x_wconf 94' lang='lat' dir='ltr'>ut</span> <span class='ocrx_word' id='word_1_114' title='bbox 1349 1940 1418 1980; x_wconf 91' lang='lat' dir='ltr'>eum</span> 
     </span>
     <span class='ocr_line' id='line_1_16' title="bbox 348 2028 1419 2109; baseline 0.001 -21"><span class='ocrx_word' id='word_1_115' title='bbox 348 2031 443 2088; x_wconf 90' lang='lat' dir='ltr'>ultum</span> <span class='ocrx_word' id='word_1_116' title='bbox 458 2051 578 2109; x_wconf 88' lang='lat' dir='ltr'>pugnae</span> <span class='ocrx_word' id='word_1_117' title='bbox 592 2031 698 2088; x_wconf 87' lang='lat' dir='ltr'>iterum</span> <span class='ocrx_word' id='word_1_118' title='bbox 712 2031 875 2088; x_wconf 86' lang='lat' dir='ltr'>interesset.</span> <span class='ocrx_word' id='word_1_119' title='bbox 917 2028 1031 2103; x_wconf 79' lang='lat' dir='ltr'>Quodsi</span> <span class='ocrx_word' id='word_1_120' title='bbox 1047 2029 1289 2108; x_wconf 88' lang='lat' dir='ltr'>contemplamur,</span> <span class='ocrx_word' id='word_1_121' title='bbox 1303 2029 1419 2089; x_wconf 84' lang='lat' dir='ltr'>Achilli</span> 
     </span>
     <span class='ocr_line' id='line_1_17' title="bbox 347 2139 1421 2220; baseline 0 -22"><span class='ocrx_word' id='word_1_122' title='bbox 347 2140 429 2199; x_wconf 87' lang='lat' dir='ltr'>illam</span> <span class='ocrx_word' id='word_1_123' title='bbox 454 2140 536 2198; x_wconf 90' lang='lat' dir='ltr'>litem</span> <span class='ocrx_word' id='word_1_124' title='bbox 562 2161 628 2198; x_wconf 89' lang='lat' dir='ltr'>curn</span> <span class='ocrx_word' id='word_1_125' title='bbox 653 2139 880 2220; x_wconf 85' lang='lat' dir='ltr'>Agamemnone</span> <span class='ocrx_word' id='word_1_126' title='bbox 906 2141 1009 2214; x_wconf 88' lang='lat' dir='ltr'>fuisse,</span> <span class='ocrx_word' id='word_1_127' title='bbox 1039 2161 1127 2219; x_wconf 91' lang='lat' dir='ltr'>quem</span> <span class='ocrx_word' id='word_1_128' title='bbox 1153 2141 1283 2199; x_wconf 91' lang='lat' dir='ltr'>omniurn</span> <span class='ocrx_word' id='word_1_129' title='bbox 1309 2139 1421 2199; x_wconf 90' lang='lat' dir='ltr'>ducum</span> 
     </span>
    </p>
   </div>
   <div class='ocr_carea' id='block_1_2' title="bbox 347 2250 1420 2330">
    <p class='ocr_par' dir='ltr' id='par_1_3' title="bbox 347 2250 1420 2330">
     <span class='ocr_line' id='line_1_18' title="bbox 347 2250 1420 2330; baseline 0.001 -22"><span class='ocrx_word' id='word_1_130' title='bbox 347 2251 511 2330; x_wconf 90' lang='lat' dir='ltr'>principem</span> <span class='ocrx_word' id='word_1_131' title='bbox 527 2252 618 2310; x_wconf 91' lang='lat' dir='ltr'>fuisse</span> <span class='ocrx_word' id='word_1_132' title='bbox 633 2250 717 2309; x_wconf 91' lang='lat' dir='ltr'>nobis</span> <span class='ocrx_word' id='word_1_133' title='bbox 729 2252 860 2310; x_wconf 90' lang='lat' dir='ltr'>carmina</span> <span class='ocrx_word' id='word_1_134' title='bbox 872 2251 1020 2310; x_wconf 88' lang='lat' dir='ltr'>homerica</span> <span class='ocrx_word' id='word_1_135' title='bbox 1030 2250 1163 2324; x_wconf 87' lang='lat' dir='ltr'>tradunt,</span> <span class='ocrx_word' id='word_1_136' title='bbox 1175 2252 1333 2329; x_wconf 87' lang='lat' dir='ltr'>quaeritur,</span> <span class='ocrx_word' id='word_1_137' title='bbox 1347 2270 1420 2330; x_wconf 91' lang='lat' dir='ltr'>quo·</span> 
     </span>
    </p>
   </div>
   <div class='ocr_carea' id='block_1_3' title="bbox 344 2360 1424 4094">
    <p class='ocr_par' dir='ltr' id='par_1_4' title="bbox 345 2360 1423 3542">
     <span class='ocr_line' id='line_1_19' title="bbox 346 2360 1421 2439; baseline 0.001 -20"><span class='ocrx_word' id='word_1_138' title='bbox 346 2360 433 2419; x_wconf 90' lang='lat' dir='ltr'>modo</span> <span class='ocrx_word' id='word_1_139' title='bbox 448 2363 567 2419; x_wconf 92' lang='lat' dir='ltr'>omnino</span> <span class='ocrx_word' id='word_1_140' title='bbox 582 2361 646 2420; x_wconf 92' lang='lat' dir='ltr'>fieri</span> <span class='ocrx_word' id='word_1_141' title='bbox 660 2361 797 2439; x_wconf 92' lang='lat' dir='ltr'>potuerit,</span> <span class='ocrx_word' id='word_1_142' title='bbox 818 2370 852 2418; x_wconf 88' lang='lat' dir='ltr'>ut</span> <span class='ocrx_word' id='word_1_143' title='bbox 866 2361 1000 2420; x_wconf 92' lang='lat' dir='ltr'>Achilles</span> <span class='ocrx_word' id='word_1_144' title='bbox 1021 2362 1127 2420; x_wconf 90' lang='lat' dir='ltr'>summi</span> <span class='ocrx_word' id='word_1_145' title='bbox 1143 2360 1323 2420; x_wconf 84' lang='lat' dir='ltr'>Graecorum</span> <span class='ocrx_word' id='word_1_146' title='bbox 1337 2360 1421 2439; x_wconf 91' lang='lat' dir='ltr'>prin·</span> 
     </span>
     <span class='ocr_line' id='line_1_20' title="bbox 347 2471 1421 2550; baseline 0.002 -21"><span class='ocrx_word' id='word_1_147' title='bbox 347 2472 421 2549; x_wconf 89' lang='lat' dir='ltr'>cipis</span> <span class='ocrx_word' id='word_1_148' title='bbox 436 2472 591 2549; x_wconf 90' lang='lat' dir='ltr'>imperium</span> <span class='ocrx_word' id='word_1_149' title='bbox 607 2471 789 2531; x_wconf 86' lang='lat' dir='ltr'>detrectaret.</span> <span class='ocrx_word' id='word_1_150' title='bbox 823 2471 960 2550; x_wconf 88' lang='lat' dir='ltr'>Apparet</span> <span class='ocrx_word' id='word_1_151' title='bbox 975 2473 1067 2545; x_wconf 92' lang='lat' dir='ltr'>enim,</span> <span class='ocrx_word' id='word_1_152' title='bbox 1089 2473 1323 2549; x_wconf 86' lang='lat' dir='ltr'>Agamemnonis</span> <span class='ocrx_word' id='word_1_153' title='bbox 1337 2479 1421 2550; x_wconf 88' lang='lat' dir='ltr'>pote·</span> 
     </span>
     <span class='ocr_line' id='line_1_21' title="bbox 346 2580 1421 2658; baseline 0.002 -19"><span class='ocrx_word' id='word_1_154' title='bbox 346 2589 452 2640; x_wconf 88' lang='lat' dir='ltr'>statem</span> <span class='ocrx_word' id='word_1_155' title='bbox 472 2603 533 2640; x_wconf 91' lang='lat' dir='ltr'>non</span> <span class='ocrx_word' id='word_1_156' title='bbox 552 2589 666 2640; x_wconf 89' lang='lat' dir='ltr'>tantam</span> <span class='ocrx_word' id='word_1_157' title='bbox 688 2582 792 2655; x_wconf 87' lang='lat' dir='ltr'>fuisse,</span> <span class='ocrx_word' id='word_1_158' title='bbox 820 2589 853 2639; x_wconf 94' lang='lat' dir='ltr'>ut</span> <span class='ocrx_word' id='word_1_159' title='bbox 874 2581 1024 2641; x_wconf 89' lang='lat' dir='ltr'>Achillem</span> <span class='ocrx_word' id='word_1_160' title='bbox 1052 2581 1091 2640; x_wconf 87' lang='lat' dir='ltr'>ad</span> <span class='ocrx_word' id='word_1_161' title='bbox 1116 2580 1288 2640; x_wconf 91' lang='lat' dir='ltr'>bellandum</span> <span class='ocrx_word' id='word_1_162' title='bbox 1313 2601 1421 2658; x_wconf 87' lang='lat' dir='ltr'>cogere</span> 
     </span>
     <span class='ocr_line' id='line_1_22' title="bbox 346 2690 1422 2770; baseline 0 -20"><span class='ocrx_word' id='word_1_163' title='bbox 346 2700 451 2770; x_wconf 90' lang='lat' dir='ltr'>posset.</span> <span class='ocrx_word' id='word_1_164' title='bbox 482 2691 578 2766; x_wconf 80' lang='lat' dir='ltr'>Quam</span> <span class='ocrx_word' id='word_1_165' title='bbox 592 2690 701 2750; x_wconf 90' lang='lat' dir='ltr'>obrem</span> <span class='ocrx_word' id='word_1_166' title='bbox 713 2712 780 2749; x_wconf 90' lang='lat' dir='ltr'>cum</span> <span class='ocrx_word' id='word_1_167' title='bbox 792 2691 1025 2768; x_wconf 90' lang='lat' dir='ltr'>Agamemnonis</span> <span class='ocrx_word' id='word_1_168' title='bbox 1042 2699 1169 2770; x_wconf 87' lang='lat' dir='ltr'>potestas</span> <span class='ocrx_word' id='word_1_169' title='bbox 1185 2692 1279 2769; x_wconf 89' lang='lat' dir='ltr'>pactis</span> <span class='ocrx_word' id='word_1_170' title='bbox 1293 2691 1343 2750; x_wconf 87' lang='lat' dir='ltr'>vel</span> <span class='ocrx_word' id='word_1_171' title='bbox 1358 2692 1422 2750; x_wconf 89' lang='lat' dir='ltr'>alio</span> 
     </span>
     <span class='ocr_line' id='line_1_23' title="bbox 346 2801 1422 2882; baseline 0.003 -23"><span class='ocrx_word' id='word_1_172' title='bbox 346 2801 434 2860; x_wconf 91' lang='lat' dir='ltr'>modo</span> <span class='ocrx_word' id='word_1_173' title='bbox 448 2811 638 2875; x_wconf 86' lang='lat' dir='ltr'>coerceretur,</span> <span class='ocrx_word' id='word_1_174' title='bbox 656 2824 715 2861; x_wconf 93' lang='lat' dir='ltr'>non</span> <span class='ocrx_word' id='word_1_175' title='bbox 731 2802 783 2861; x_wconf 90' lang='lat' dir='ltr'>abs</span> <span class='ocrx_word' id='word_1_176' title='bbox 797 2823 828 2862; x_wconf 93' lang='lat' dir='ltr'>re</span> <span class='ocrx_word' id='word_1_177' title='bbox 844 2823 906 2862; x_wconf 89' lang='grc'>1111</span> <span class='ocrx_word' id='word_1_178' title='bbox 918 2802 1083 2877; x_wconf 84' lang='lat' dir='ltr'>videbatur,</span> <span class='ocrx_word' id='word_1_179' title='bbox 1096 2821 1246 2882; x_wconf 78' lang='lat' dir='ltr'>quaerere,</span> <span class='ocrx_word' id='word_1_180' title='bbox 1259 2822 1330 2859; x_wconf 89' lang='lat' dir='ltr'>num</span> <span class='ocrx_word' id='word_1_181' title='bbox 1341 2802 1422 2862; x_wconf 85' lang='lat' dir='ltr'>forts</span> 
     </span>
     <span class='ocr_line' id='line_1_24' title="bbox 346 2911 1422 2991; baseline 0.001 -22"><span class='ocrx_word' id='word_1_182' title='bbox 346 2911 481 2971; x_wconf 88' lang='lat' dir='ltr'>Achilles</span> <span class='ocrx_word' id='word_1_183' title='bbox 506 2913 654 2991; x_wconf 89' lang='lat' dir='ltr'>ceterique</span> <span class='ocrx_word' id='word_1_184' title='bbox 678 2911 767 2971; x_wconf 88' lang='lat' dir='ltr'>duces</span> <span class='ocrx_word' id='word_1_185' title='bbox 795 2912 976 2972; x_wconf 86' lang='lat' dir='ltr'>Graecorum</span> <span class='ocrx_word' id='word_1_186' title='bbox 1003 2912 1239 2989; x_wconf 89' lang='lat' dir='ltr'>Agamemnonis</span> <span class='ocrx_word' id='word_1_187' title='bbox 1266 2912 1338 2969; x_wconf 88' lang='lat' dir='ltr'>socii</span> <span class='ocrx_word' id='word_1_188' title='bbox 1363 2930 1422 2972; x_wconf 84' lang='lat' dir='ltr'>nec</span> 
     </span>
     <span class='ocr_line' id='line_1_25' title="bbox 346 3022 1422 3101; baseline 0 -21"><span class='ocrx_word' id='word_1_189' title='bbox 346 3042 416 3080; x_wconf 88' lang='lat' dir='ltr'>vero</span> <span class='ocrx_word' id='word_1_190' title='bbox 432 3022 580 3081; x_wconf 87' lang='lat' dir='ltr'>subiuncti</span> <span class='ocrx_word' id='word_1_191' title='bbox 594 3023 705 3093; x_wconf 84' lang='lat' dir='ltr'>fuerint</span> <span class='ocrx_word' id='word_1_192' title='bbox 720 3031 749 3082; x_wconf 87' lang='lat' dir='ltr'>et</span> <span class='ocrx_word' id='word_1_193' title='bbox 761 3056 800 3064; x_wconf 93' lang='lat'>—</span> <span class='ocrx_word' id='word_1_194' title='bbox 815 3024 838 3081; x_wconf 90' lang='lat' dir='ltr'>si</span> <span class='ocrx_word' id='word_1_195' title='bbox 850 3023 971 3101; x_wconf 89' lang='lat' dir='ltr'>quidem</span> <span class='ocrx_word' id='word_1_196' title='bbox 986 3025 1041 3082; x_wconf 94' lang='lat' dir='ltr'>hoc</span> <span class='ocrx_word' id='word_1_197' title='bbox 1058 3023 1252 3081; x_wconf 87' lang='lat' dir='ltr'>demonstrari</span> <span class='ocrx_word' id='word_1_198' title='bbox 1266 3029 1363 3099; x_wconf 88' lang='lat' dir='ltr'>potest</span> <span class='ocrx_word' id='word_1_199' title='bbox 1375 3055 1422 3065; x_wconf 86' lang='lat'><em>-</em></span> 
     </span>
     <span class='ocr_line' id='line_1_26' title="bbox 346 3131 1423 3212; baseline 0.002 -22"><span class='ocrx_word' id='word_1_200' title='bbox 346 3133 442 3212; x_wconf 88' lang='lat' dir='ltr'>qualis</span> <span class='ocrx_word' id='word_1_201' title='bbox 462 3134 605 3192; x_wconf 91' lang='lat' dir='ltr'>sociorum</span> <span class='ocrx_word' id='word_1_202' title='bbox 624 3133 759 3191; x_wconf 91' lang='lat' dir='ltr'>condicio</span> <span class='ocrx_word' id='word_1_203' title='bbox 782 3134 962 3211; x_wconf 85' lang='lat' dir='ltr'>temporibus</span> <span class='ocrx_word' id='word_1_204' title='bbox 986 3134 1142 3192; x_wconf 89' lang='lat' dir='ltr'>homericis</span> <span class='ocrx_word' id='word_1_205' title='bbox 1166 3132 1264 3191; x_wconf 88' lang='lat' dir='ltr'>fuerit.</span> <span class='ocrx_word' id='word_1_206' title='bbox 1309 3131 1423 3192; x_wconf 81' lang='lat' dir='ltr'>Elucet</span> 
     </span>
     <span class='ocr_line' id='line_1_27' title="bbox 346 3242 1420 3321; baseline 0.004 -21"><span class='ocrx_word' id='word_1_207' title='bbox 346 3250 453 3316; x_wconf 83' lang='lat' dir='ltr'>autem,</span> <span class='ocrx_word' id='word_1_208' title='bbox 468 3243 595 3302; x_wconf 90' lang='lat' dir='ltr'>Achillis</span> <span class='ocrx_word' id='word_1_209' title='bbox 610 3251 640 3302; x_wconf 92' lang='grc'>11</span> <span class='ocrx_word' id='word_1_210' title='bbox 654 3242 887 3320; x_wconf 85' lang='lat' dir='ltr'>Agamemnonis</span> <span class='ocrx_word' id='word_1_211' title='bbox 898 3263 943 3302; x_wconf 88' lang='lat' dir='ltr'>res</span> <span class='ocrx_word' id='word_1_212' title='bbox 958 3264 1075 3321; x_wconf 87' lang='lat' dir='ltr'>prorsus</span> <span class='ocrx_word' id='word_1_213' title='bbox 1087 3244 1160 3301; x_wconf 88' lang='lat' dir='ltr'>alias</span> <span class='ocrx_word' id='word_1_214' title='bbox 1173 3262 1245 3317; x_wconf 90' lang='lat' dir='ltr'>esse,</span> <span class='ocrx_word' id='word_1_215' title='bbox 1258 3244 1283 3301; x_wconf 91' lang='lat' dir='ltr'>si</span> <span class='ocrx_word' id='word_1_216' title='bbox 1296 3242 1420 3304; x_wconf 89' lang='lat' dir='ltr'>demon-</span> 
     </span>
     <span class='ocr_line' id='line_1_28' title="bbox 345 3351 1421 3433; baseline 0.004 -22"><span class='ocrx_word' id='word_1_217' title='bbox 345 3361 469 3412; x_wconf 89' lang='lat' dir='ltr'>stratum</span> <span class='ocrx_word' id='word_1_218' title='bbox 486 3363 538 3427; x_wconf 89' lang='lat' dir='ltr'>est,</span> <span class='ocrx_word' id='word_1_219' title='bbox 554 3355 704 3414; x_wconf 90' lang='lat' dir='ltr'>Achillem</span> <span class='ocrx_word' id='word_1_220' title='bbox 719 3353 954 3431; x_wconf 87' lang='lat' dir='ltr'>Agamemnonis</span> <span class='ocrx_word' id='word_1_221' title='bbox 975 3354 1085 3411; x_wconf 91' lang='lat' dir='ltr'>socium</span> <span class='ocrx_word' id='word_1_222' title='bbox 1105 3351 1194 3410; x_wconf 87' lang='lat' dir='ltr'>fuisse</span> <span class='ocrx_word' id='word_1_223' title='bbox 1217 3353 1343 3433; x_wconf 89' lang='lat' dir='ltr'>ideoque</span> <span class='ocrx_word' id='word_1_224' title='bbox 1365 3376 1421 3430; x_wconf 84' lang='lat' dir='ltr'>suo</span> 
     </span>
     <span class='ocr_line' id='line_1_29' title="bbox 345 3464 942 3542; baseline 0.003 -22"><span class='ocrx_word' id='word_1_225' title='bbox 345 3465 417 3537; x_wconf 88' lang='lat' dir='ltr'>iure,</span> <span class='ocrx_word' id='word_1_226' title='bbox 433 3485 500 3522; x_wconf 89' lang='lat' dir='ltr'>curn</span> <span class='ocrx_word' id='word_1_227' title='bbox 515 3464 690 3538; x_wconf 87' lang='lat' dir='ltr'>laederetur,</span> <span class='ocrx_word' id='word_1_228' title='bbox 707 3485 789 3523; x_wconf 91' lang='lat' dir='ltr'>arma</span> <span class='ocrx_word' id='word_1_229' title='bbox 803 3465 942 3542; x_wconf 84' lang='lat' dir='ltr'>posuisse.</span> 
     </span>
    </p>

    <p class='ocr_par' dir='ltr' id='par_1_5' title="bbox 344 3572 1424 4094">
     <span class='ocr_line' id='line_1_30' title="bbox 430 3572 1421 3653; baseline 0.002 -21"><span class='ocrx_word' id='word_1_230' title='bbox 430 3575 496 3632; x_wconf 91' lang='lat' dir='ltr'>Iam</span> <span class='ocrx_word' id='word_1_231' title='bbox 510 3583 624 3634; x_wconf 88' lang='lat' dir='ltr'>veteres</span> <span class='ocrx_word' id='word_1_232' title='bbox 639 3574 697 3653; x_wconf 92' lang='lat' dir='ltr'>ipsi</span> <span class='ocrx_word' id='word_1_233' title='bbox 712 3572 920 3645; x_wconf 87' lang='lat' dir='ltr'>dissenserunt,</span> <span class='ocrx_word' id='word_1_234' title='bbox 941 3574 1037 3652; x_wconf 90' lang='lat' dir='ltr'>qualis</span> <span class='ocrx_word' id='word_1_235' title='bbox 1057 3573 1245 3645; x_wconf 82' lang='lat' dir='ltr'>Graecorum,</span> <span class='ocrx_word' id='word_1_236' title='bbox 1266 3576 1318 3652; x_wconf 91' lang='lat' dir='ltr'>qui</span> <span class='ocrx_word' id='word_1_237' title='bbox 1333 3574 1421 3652; x_wconf 85' lang='lat' dir='ltr'>Aga-</span> 
     </span>
     <span class='ocr_line' id='line_1_31' title="bbox 344 3682 1422 3758; baseline 0.004 -17"><span class='ocrx_word' id='word_1_238' title='bbox 344 3703 530 3742; x_wconf 90' lang='lat' dir='ltr'>memnonem</span> <span class='ocrx_word' id='word_1_239' title='bbox 549 3687 671 3743; x_wconf 80' lang='lat' dir='ltr'>Troiam</span> <span class='ocrx_word' id='word_1_240' title='bbox 691 3685 784 3742; x_wconf 88' lang='lat' dir='ltr'>socuti</span> <span class='ocrx_word' id='word_1_241' title='bbox 804 3692 885 3757; x_wconf 90' lang='lat' dir='ltr'>sunt,</span> <span class='ocrx_word' id='word_1_242' title='bbox 911 3691 1003 3742; x_wconf 87' lang='lat' dir='ltr'>status</span> <span class='ocrx_word' id='word_1_243' title='bbox 1025 3684 1137 3743; x_wconf 88' lang='lat' dir='ltr'>fuisset.</span> <span class='ocrx_word' id='word_1_244' title='bbox 1183 3682 1247 3741; x_wconf 90' lang='lat' dir='ltr'>Alii</span> <span class='ocrx_word' id='word_1_245' title='bbox 1269 3684 1362 3758; x_wconf 89' lang='lat' dir='ltr'>enim,</span> <span class='ocrx_word' id='word_1_246' title='bbox 1385 3686 1422 3745; x_wconf 91' lang='lat' dir='ltr'>in</span> 
     </span>
     <span class='ocr_line' id='line_1_32' title="bbox 344 3793 1422 3873; baseline 0.003 -20"><span class='ocrx_word' id='word_1_247' title='bbox 344 3793 450 3873; x_wconf 91' lang='lat' dir='ltr'>quibus</span> <span class='ocrx_word' id='word_1_248' title='bbox 465 3794 664 3872; x_wconf 91' lang='lat' dir='ltr'>Apollodorus</span> <span class='ocrx_word' id='word_1_249' title='bbox 680 3798 708 3869; x_wconf 87' lang='lat'>3,</span> <span class='ocrx_word' id='word_1_250' title='bbox 728 3797 775 3868; x_wconf 89' lang='lat'>10,</span> <span class='ocrx_word' id='word_1_251' title='bbox 798 3794 816 3851; x_wconf 88' lang='grc'><strong>9</strong></span> <span class='ocrx_word' id='word_1_252' title='bbox 839 3801 869 3853; x_wconf 87' lang='grc'>11</span> <span class='ocrx_word' id='word_1_253' title='bbox 889 3794 1054 3853; x_wconf 89' lang='lat' dir='ltr'>Pausanias</span> <span class='ocrx_word' id='word_1_254' title='bbox 1078 3796 1106 3868; x_wconf 85' lang='lat'>3,</span> <span class='ocrx_word' id='word_1_255' title='bbox 1128 3796 1177 3867; x_wconf 80' lang='lat'>20,</span> <span class='ocrx_word' id='word_1_256' title='bbox 1200 3798 1217 3853; x_wconf 86' lang='lat'>9</span> <span class='ocrx_word' id='word_1_257' title='bbox 1240 3796 1422 3856; x_wconf 86' lang='lat' dir='ltr'>numerandi</span> 
     </span>
     <span class='ocr_line' id='line_1_33' title="bbox 345 3903 1422 3983; baseline 0.002 -21"><span class='ocrx_word' id='word_1_258' title='bbox 345 3913 421 3978; x_wconf 88' lang='lat' dir='ltr'>sunt,</span> <span class='ocrx_word' id='word_1_259' title='bbox 437 3903 566 3977; x_wconf 90' lang='lat' dir='ltr'>tradunt,</span> <span class='ocrx_word' id='word_1_260' title='bbox 583 3903 776 3982; x_wconf 88' lang='lat' dir='ltr'>Tyndareum</span> <span class='ocrx_word' id='word_1_261' title='bbox 792 3907 859 3962; x_wconf 85' lang='lat' dir='ltr'>cum</span> <span class='ocrx_word' id='word_1_262' title='bbox 874 3905 1011 3964; x_wconf 87' lang='lat' dir='ltr'>Helenae</span> <span class='ocrx_word' id='word_1_263' title='bbox 1026 3905 1146 3982; x_wconf 90' lang='lat' dir='ltr'>nuptias</span> <span class='ocrx_word' id='word_1_264' title='bbox 1161 3903 1330 3978; x_wconf 88' lang='lat' dir='ltr'>celebraret,</span> <span class='ocrx_word' id='word_1_265' title='bbox 1350 3925 1422 3983; x_wconf 87' lang='lat' dir='ltr'>pro-</span> 
     </span>
     <span class='ocr_line' id='line_1_34' title="bbox 345 4013 1424 4094; baseline 0.002 -21"><span class='ocrx_word' id='word_1_266' title='bbox 345 4036 393 4073; x_wconf 95' lang='lat' dir='ltr'>cos</span> <span class='ocrx_word' id='word_1_267' title='bbox 419 4016 481 4073; x_wconf 90' lang='lat' dir='ltr'>eius</span> <span class='ocrx_word' id='word_1_268' title='bbox 508 4023 691 4073; x_wconf 87' lang='lat' dir='ltr'>sacramento</span> <span class='ocrx_word' id='word_1_269' title='bbox 718 4013 865 4090; x_wconf 86' lang='lat' dir='ltr'>adegisse,</span> <span class='ocrx_word' id='word_1_270' title='bbox 892 4023 926 4073; x_wconf 89' lang='lat' dir='ltr'>ut</span> <span class='ocrx_word' id='word_1_271' title='bbox 952 4017 977 4073; x_wconf 87' lang='lat' dir='ltr'>si</span> <span class='ocrx_word' id='word_1_272' title='bbox 1002 4015 1121 4094; x_wconf 91' lang='lat' dir='ltr'>quando</span> <span class='ocrx_word' id='word_1_273' title='bbox 1147 4015 1283 4074; x_wconf 85' lang='lat' dir='ltr'>Helenae</span> <span class='ocrx_word' id='word_1_274' title='bbox 1307 4016 1424 4076; x_wconf 88' lang='lat' dir='ltr'>coniux</span> 
     </span>
    </p>
   </div>
   <div class='ocr_carea' id='block_1_4' title="bbox 0 0 1502 4942">
    <p class='ocr_par' dir='ltr' id='par_1_6' title="bbox 0 0 1502 4942">
     <span class='ocr_line' id='line_1_35' title="bbox 0 0 1502 4942; baseline 0 0"><span class='ocrx_word' id='word_1_275' title='bbox 0 0 1502 4942; x_wconf 95' lang='lat' dir='ltr'> </span> 
     </span>
    </p>
   </div>
  </div>
 </body>
</html>
