2994 4942
725 293 767 355 55

212 484 338 556 videtur,
353 491 386 542 ut
401 484 495 540 iussus
507 481 758 554 confirmarentur,
771 483 795 539 si
808 480 993 556 Agamemno
1008 490 1160 560 tantopere
1172 489 1282 540 ceteros

212 595 343 654 Graecos
362 591 467 672 opibus
488 593 651 670 superavit,
678 599 711 649 ιιι
736 610 801 651 eum
831 593 913 670 sequi
939 594 1027 651 ceteri
1056 593 1149 651 coacti
1175 599 1281 651 essent.

213 707 293 764 Tum
308 704 387 763 enim
403 703 560 781 imperanti
577 711 609 760 ut
624 701 743 760 domum
758 701 889 761 redirent
904 724 964 761 non
986 711 1143 781 potuerunt
1158 723 1217 760 non
1233 700 1282 760 ol}

211 816 304 895 sequi,
319 822 382 872 tum
397 814 563 892 imperanti,
580 821 613 870 ut
624 820 778 871 manerent
790 812 953 891 parendum
965 820 1028 872 erat
1040 821 1128 891 atque
1139 814 1284 891 imperata

213 924 352 983 facienda
367 932 460 983 erant.
507 921 566 982 Sed
589 943 655 980 oum
675 932 811 981 neutrum
831 923 892 997 fiat,
915 944 973 981 non
997 922 1118 981 dubium
1137 930 1190 994 est,
1209 923 1282 1000 quin

216 1034 450 1112 Agamemnonis
465 1035 624 1093 auotoritas
640 1040 756 1091 tantum
771 1035 803 1091 in
818 1034 941 1112 imperio
953 1033 1121 1091 voluntarie
1131 1053 1149 1090 a
1161 1032 1284 1091 Graecis

212 1145 303 1203 allato
319 1144 391 1203 nixa
405 1144 451 1205 sit.
483 1143 532 1201 Ita
546 1143 588 1216 fit,
604 1151 637 1200 ut
651 1143 806 1201 Menelaus
818 1162 933 1221 quoque
949 1143 1049 1201 fratris
1062 1143 1177 1220 imperii
1193 1143 1282 1221 parti-

213 1275 282 1333 ceps
297 1255 388 1314 fuisse
402 1253 548 1322 videatur.
579 1253 733 1330 Leguntur
748 1253 826 1311 enim
842 1272 863 1336 γ
880 1255 937 1309 ltl
955 1273 1007 1331 sqq
1025 1253 1098 1311 haec
1113 1252 1203 1324 verba

367 1357 425 1447 {vd
444 1360 516 1432 ἤτοι
533 1359 691 1433 Μενέλαος
705 1360 818 1448 ἀνώγει
833 1360 953 1432 πάντας
963 1359 1107 1446 Ἀχαιούς

365 1473 477 1534 νόστου
492 1468 708 1556 μιμνήσκεσθαι
723 1471 767 1533 ἐπ’
788 1470 876 1555 εὐρέι
892 1474 977 1532 νῶτα
991 1469 1150 1544 θαλάσσης,

366 1572 429 1643 οὐδ’
444 1579 653 1668 Ἀγαμέμνονι
667 1582 796 1666 πάμπαν
813 1574 949 1650 ἑήνδανε.

280 1694 373 1753 Vides
389 1695 488 1771 igitur,
505 1713 542 1753 ne
557 1695 635 1752 inter
649 1694 754 1753 fratres
769 1692 897 1772 quidem,
913 1713 1036 1772 quorum
1052 1695 1180 1753 maxime
1195 1695 1283 1752 inter·

216 1826 281 1864 esse
302 1805 417 1877 debuit,
440 1824 615 1863 eonsensum
640 1805 738 1862 fuisso.
784 1805 921 1882 Namque
946 1825 984 1863 ex
1004 1805 1068 1864 loco
1087 1803 1174 1862 modo
1193 1805 1284 1862 allato

214 1923 347 1993 apparet,
365 1935 440 1994 quae
456 1917 579 1973 fratrum
595 1915 737 1974 dissensio
752 1915 849 1972 fuerit.
894 1916 1013 1973 Ducum
1033 1925 1131 1974 autem
1152 1915 1284 1985 consilio,

215 2046 274 2104 quo
289 2025 522 2102 Agamemnonis
537 2027 691 2104 imperium
712 2025 750 2084 ab
770 2026 841 2105 ipsis
861 2025 1043 2105 principibus
1058 2026 1215 2084 coercitum
1231 2034 1284 2097 est,

213 2136 409 2196 demonstrari
424 2137 496 2194 mihi
512 2135 638 2209 videtur,
659 2135 914 2212 Agamemnonem
935 2145 1050 2194 tanturn
1066 2137 1192 2214 primum
1208 2137 1284 2193 inter

214 2267 300 2325 pares
315 2247 413 2305 fuisse.
459 2246 507 2305 Ita
521 2246 563 2319 fit,
584 2255 616 2304 ut
636 2246 823 2322 Agamemno
846 2243 926 2306 B53
947 2267 1001 2326 sqq
1022 2267 1086 2305 cum
1107 2248 1219 2305 somnio
1234 2246 1284 2304 illo

214 2366 377 2416 commotus
391 2359 552 2416 exercitum
568 2356 607 2415 ad
623 2376 753 2435 pugnam
770 2356 910 2416 ducturus
926 2366 1010 2429 esset,
1030 2366 1189 2435 antequam
1210 2357 1284 2414 mili-

213 2477 258 2526 tes
279 2469 356 2547 ipsos
376 2476 566 2542 convocaret,
591 2467 681 2526 duces
707 2476 818 2527 ceteros
838 2470 978 2546 coegerit,
1008 2467 1113 2547 quibus
1131 2466 1203 2546 quid
1223 2468 1285 2544 ipse

214 2580 347 2637 factmus
363 2587 439 2637 esset
453 2588 638 2656 proponeret.
671 2578 717 2637 Of.
735 2575 760 2638 B
774 2581 815 2657 53
832 2600 867 2658 sq

368 2687 481 2766 βουλὴν
497 2676 532 2747 δὲ
547 2690 669 2769 πρῶτον
685 2686 867 2772 μεγαθύμων
880 2679 926 2760 ἷζε
940 2687 1092 2772 γερόντων

369 2794 525 2880 Νεστορέῃ
541 2796 624 2880 παρὰ
639 2796 687 2868 νηὶ
704 2797 905 2883 Πυλοιγενέος
919 2797 1071 2877 βασιλῆος.

279 2910 321 2967 lli
338 2909 427 2968 duces
444 2908 481 2968 ab
497 2909 722 2985 Agamemnone
738 2910 859 2968 excitati
876 2919 951 2982 sunt,
969 2918 1001 2967 ut
1013 2911 1044 2968 iu
1056 2910 1197 2969 concione
1209 2909 1283 2968 mili·

214 3027 278 3077 tum
294 3019 503 3080 addicendum
519 3030 681 3096 surgerent.
712 3019 758 3079 Of.
779 3017 802 3080 B
820 3023 858 3080 73
874 3040 926 3100 sqq

365 3137 476 3212 πρῶτα
491 3121 517 3190 δ’
538 3125 617 3216 ἐγὼν
633 3132 733 3190 ἔπεσιν
748 3130 936 3214 πειρήσομαι,
951 3128 971 3196 ἢ
985 3127 1067 3211 θέμις
1083 3128 1174 3206 ἐστίν,

369 3235 554 3327 sculpsi-(etv
570 3240 623 3301 civ
640 3239 725 3308 νηυσὶ
740 3239 920 3309 πολυκλιιισι
935 3238 1077 3301 κελεύσω.

369 3353 451 3435 ὑμεῖς
465 3341 491 3411 δ’
512 3347 641 3412 ἄλλοθεν
657 3347 750 3423 ἄλλος
765 3348 899 3436 ἐρητύειν
916 3351 1060 3412 ἐπέεσσιν.

281 3459 362 3534 Quin
378 3462 466 3520 etiam
482 3463 635 3521 Thersites
651 3464 770 3523 omnino
785 3462 895 3522 audere
910 3484 969 3521 non
984 3463 1088 3540 potuit,
1110 3471 1194 3520 tanta
1208 3470 1286 3521 atro-

216 3571 305 3630 citate
320 3580 350 3629 et
365 3571 551 3649 impudentia
566 3572 825 3648 Agamemnonem
840 3581 975 3645 tractare,
997 3572 1053 3630 nisi
1069 3572 1156 3630 militi
1171 3592 1287 3650 quoque

215 3680 287 3759 quid
303 3682 425 3739 sentiret
440 3680 537 3740 dicere
561 3701 731 3742 concessum
753 3660 824 3743 erat.
869 3684 934 3742 Neo
958 3683 1046 3741 facile
1066 3692 1110 3742 est
1124 3683 1286 3756 intellectu,

217 3811 270 3849 eur
284 3790 472 3868 Agamemno
487 3793 606 3851 omuino
622 3793 709 3852 talem
726 3793 940 3873 impudentiam
953 3814 1057 3872 passus
1068 3795 1114 3867 sit,
1131 3794 1155 3852 si
1167 3792 1286 3872 quidem

217 3902 436 3979 potentissimus
452 3903 582 3961 omnium
605 3902 713 3962 dueum
735 3913 807 3964 erat.
851 3903 940 3963 Adde
960 3903 1038 3984 quod
1056 3905 1208 3963 Thersites
1228 3924 1288 3962 non

216 4011 254 4070 ab
269 4012 494 4089 Agamemnone
509 4013 559 4072 vel
573 4016 635 4074 eius
650 4015 730 4073 iussu
746 4014 798 4074 sed
813 4014 852 4074 ab
866 4015 956 4075 Ulixe
979 4035 1073 4094 poena
1095 4014 1217 4074 affectus
1233 4023 1286 4075 est.
