2994 4942
721 335 763 400 35

362 521 428 584 ἀλλ’
449 520 507 608 ἀγε
523 512 609 608 δεῦρο
625 519 707 596 θεοὺς
723 515 908 609 ἐπιδώμεθα·
923 522 973 584 τοὶ
987 523 1046 610 γάρ
1063 521 1178 608 ἄριστοι

361 631 508 718 μάρτυροι
524 636 665 696 ἔσσονται
680 634 732 695 καὶ
748 633 904 696 ἐπίσκοποι
919 632 1098 719 ἁρμονιάων.

361 852 429 914 ἀλλ’
449 853 513 916 ἐπεὶ
529 852 564 937 ἀρ
580 851 616 915 κέ
631 874 665 915 σε
680 856 803 923 συλήσω
819 852 919 915 κλυτὰ
933 851 1041 938 τεύχε’,
1052 851 1208 945 Ἀχιλλεῦ,

362 959 465 1047 νεκρὸν
479 962 645 1048 Ἀχαιοῖσιν
661 954 751 1024 δώσω
767 961 869 1025 πάλιν.
885 961 926 1036 ώς
941 955 976 1024 δὲ
991 957 1027 1025 σὺ
1043 955 1143 1050 ρ’έζειν.

273 1073 374 1148 Quid?
411 1073 490 1154 quod
516 1068 547 1133 H
576 1076 616 1134 37
621 1077 637 1132 2
668 1095 723 1153 sqq
755 1073 865 1135 Idaeus
896 1076 1094 1136 Troianorum
1127 1098 1234 1156 praeco
1259 1099 1277 1138 a

210 1185 330 1243 Priamo
354 1185 392 1244 ad
410 1185 668 1262 Agamemnonem
687 1185 793 1244 missus
813 1205 875 1246 esse
899 1195 1051 1260 narratur,
1071 1188 1122 1265 qui
1143 1187 1278 1248 inducias

208 1294 327 1369 faceret,
344 1303 377 1354 ut
391 1296 484 1354 caesis
505 1296 653 1374 utrimque
675 1295 753 1354 iusta
777 1295 979 1357 redderentur.
1022 1296 1155 1356 Maxime
1180 1306 1278 1358 autem

210 1406 267 1464 huc
282 1403 516 1482 Agamemnonis
530 1405 623 1465 verba
632 1386 786 1487 spectant:
809 1406 846 1466 cf.
862 1400 892 1465 H
907 1408 969 1467 408
985 1426 1039 1487 sqq

362 1513 439 1599 ἀμφὶ
455 1505 490 1575 δὲ
505 1523 650 1600 νεκροῖσιν
666 1512 875 1599 κατακαιέμεν
890 1512 924 1576 οὔ
939 1537 970 1575 τι
985 1496 1129 1602 μεγαίρω·

363 1623 397 1685 οὐ
412 1623 471 1711 γάρ
485 1648 530 1697 τις
545 1610 764 1709 ρειδώνεκύων
780 1622 1045 1693 κατατεθνηώτων

361 1732 486 1821 γίγνετ’,
500 1733 566 1797 ἐπεί
580 1757 616 1798 κε
629 1732 741 1797 θάνωσι
755 1730 845 1820 πυρὸς
860 1732 1051 1821 μειλισσέμεν
1067 1728 1144 1796 ώκα.
1197 1785 1200 1790 .

362 1842 449 1929 ὅρκια
464 1835 499 1906 δὲ
513 1841 588 1919 Ζεὺς
603 1847 687 1920 ἰ’στω,
703 1836 877 1932 ἐρίγδουπος
893 1844 978 1919 πόσις
989 1841 1094 1931 Ἥρης.

274 1956 316 2014 Et
330 1956 431 2037 paullo
447 1959 599 2036 posthaec
614 1959 820 2037 scriptasunt:
842 1959 903 2017 419
919 1977 954 2037 sq
1024 1981 1027 1986 ·

359 2063 494 2151 Ἀργεῖοι
509 2056 535 2127 δ’
555 2063 702 2153 ἑτέρωθεν
718 2065 893 2151 ἐυσσέλμων
908 2061 968 2127 ἀπὸ
984 2069 1064 2134 νῃών

363 2173 533 2259 ώτρύνοντο
548 2175 633 2250 νέκυς
647 2175 673 2239 τ’
692 2175 816 2264 ἀγέμεν,
832 2174 930 2261 ἕτεροι
945 2166 980 2237 δὲ
995 2173 1056 2260 μεθ’
1074 2177 1159 2246 ὕλην.

274 2288 410 2367 Apparet
424 2289 517 2366 igitur
531 2307 569 2348 ex
584 2289 630 2348 his
644 2289 730 2363 locis,
752 2309 832 2349 more
850 2295 1001 2367 receptum
1021 2286 1125 2360 fuisse,
1147 2294 1181 2346 ut
1202 2289 1280 2351 eaesi

210 2395 250 2455 cd
264 2397 466 2477 sepeliendum
480 2397 682 2459 redderentur.
719 2398 779 2473 Qui
792 2398 913 2479 quidem
927 2418 990 2458 mos
1005 2395 1126 2457 dubium
1141 2417 1204 2458 esse
1219 2418 1278 2458 non

210 2512 314 2584 potest,
331 2508 403 2585 quin
423 2509 495 2568 iuris
520 2511 655 2588 gentium
679 2511 807 2587 vestigia
821 2511 853 2569 in
873 2528 904 2569 se
923 2507 1040 2569 habeat
1079 2507 1185 2586 Neque
1205 2509 1279 2568 haec

211 2617 339 2693 vestigia
353 2618 385 2675 in
395 2637 430 2677 eo
441 2619 704 2699 praetermittenda
716 2629 784 2679 sunt
794 2619 874 2699 quod
889 2619 1027 2679 Hectoris
1041 2637 1157 2697 quoque
1174 2637 1279 2697 corpus

211 2745 229 2784 a
242 2725 361 2785 Priamo
375 2727 560 2809 redemptum
575 2738 619 2789 est
633 2749 688 2789 nec
702 2730 837 2789 Achilles
851 2730 926 2788 iram
937 2749 1020 2788 suam
1031 2726 1278 2807 quemadmodum

210 2834 305 2894 voluit
319 2836 351 2895 in
366 2838 446 2896 illius
460 2839 518 2897 viri
531 2859 637 2919 corpus
651 2841 747 2899 vertit.
778 2839 964 2918 Quamquam
981 2840 1029 2898 hic
1040 2836 1277 2897 animadverten-

211 2945 281 3006 dum
300 2955 357 3020 est,
379 2947 529 3008 Achillem
544 2948 625 3008 Iovis
640 2949 758 3009 demum
773 2951 854 3009 iussu
868 2958 1044 3009 commotum
1059 2967 1136 3022 esse,
1156 2947 1279 3009 utillud

210 3077 315 3137 corpus
326 3056 470 3118 redderet.
498 3059 639 3136 Legimus
651 3061 730 3120 enim
742 3055 776 3120 Ω
789 3064 849 3121 113
866 3081 920 3140 sqq
931 3060 1004 3119 haec
1018 3059 1080 3119 fere
1091 3057 1191 3133 verba,
1202 3078 1278 3139 quae

210 3168 312 3229 Iovem
327 3168 450 3229 Thetidi
464 3168 612 3229 dicentem
626 3179 715 3250 poeta
727 3171 829 3230 finxit:

363 3267 520 3351 σκύζεσθαί
536 3283 563 3340 ot
578 3276 643 3341 εἰπὲ
657 3277 749 3354 θεούς,
765 3276 820 3364 ἐμὲ
835 3270 860 3339 δ
880 3273 972 3363 ἔξοχα
985 3273 1111 3338 πάντων

363 3384 527 3450 ἀθανάτων
541 3389 735 3474 κεχολῶσθαι,
752 3387 799 3453 ὅτι
813 3387 897 3475 φρεσὶ
912 3385 1125 3473 μαινομένῃσιν

358 3495 483 3581 Ἕκτορ’
504 3503 566 3584 ἔχει
579 3500 663 3586 παρὰ
679 3501 765 3570 νῃυσὶ
779 3498 935 3585 κορωνίσιν
952 3489 1013 3560 οὐδ’
1033 3495 1193 3575 ἀπέλυσεν,

363 3610 397 3670 αί
409 3608 462 3671 κέν
476 3631 540 3683 πως
555 3609 609 3696 ἐμέ
624 3632 661 3672 τε
676 3601 761 3692 δείσῃ
777 3607 839 3672 ἀπό
854 3608 877 3672 θ
892 3607 1032 3693 Ἕκτορα
1046 3606 1136 3688 λύσῃ.

275 3719 394 3800 Ubique
409 3729 508 3780 autem
523 3729 553 3781 et
572 3723 654 3801 pacis
674 3729 704 3781 et
724 3722 795 3781 belli
815 3721 996 3801 temporibus
1017 3738 1176 3800 praecones
1194 3720 1279 3780 nobis

211 3841 376 3905 occurrunt,
397 3851 521 3912 quorum
541 3833 644 3892 munia
662 3841 723 3892 tam
739 3831 857 3892 diversa
877 3839 954 3904 sunt,
974 3837 1007 3888 ut
1022 3831 1168 3908 copiosius
1191 3829 1228 3890 de
1243 3832 1279 3891 iis

212 3940 355 4001 disserere
370 3963 430 4003 non
445 3941 499 4002 abs
512 3962 544 4003 re
558 3962 622 4004 esse
636 3941 782 4002 videatur.
827 3941 902 4002 Onm
917 3961 987 4000 vero
1007 3940 1045 4001 de
1059 3941 1193 4017 vestigiis
1207 3941 1280 4000 iuris

211 4052 355 4130 gentium,
370 4072 447 4132 quae
462 4054 493 4113 in
508 4073 582 4133 paca
597 4061 767 4128 cernuntur,
781 4072 909 4130 agerem,
924 4070 1103 4130 praeconum
1118 4071 1279 4129 numquam

1009 4149 1011 4154 .
1094 4146 1125 4187 ⁸,
