2994 4942
724 428 765 493 47

363 614 414 678 καί
430 615 451 703 ρ”
472 617 502 690 ές
517 619 627 701 μέσσον
645 616 698 678 lois
714 613 827 703 Τρώων
844 614 967 703 ἀνέεργε
982 617 1144 704 φάλαγγας

363 725 476 810 μέσσου
492 717 597 811 δουρὸς
612 727 705 789 ἑλών·
721 726 771 788 τοί
785 718 812 787 δ’
831 718 1008 811 ἱδρύνθησαν
1024 730 1165 801 ἅπαντες.

276 836 392 913 Quibus
419 845 520 897 autem
540 840 648 897 animis
671 838 716 897 illi
735 839 793 897 viri
823 838 937 917 impleti
965 839 1090 912 fuerint,
1121 860 1158 900 ex
1187 840 1285 900 verbis

211 956 343 1027 apparet,
359 966 435 1028 quae
447 947 579 1008 Achivos
589 949 794 1028 Troianosque
809 948 957 1008 locuturos
972 951 1035 1008 esse
1045 950 1159 1009 Hector
1170 942 1282 1010 censet:

211 1059 249 1118 cf.
266 1053 296 1118 H
313 1061 375 1119 300
390 1078 445 1139 sqq

363 1165 441 1252 ὄφρα
455 1189 500 1240 τις
515 1156 569 1228 ὧδ’
589 1169 705 1248 εἴπῃσιν
718 1163 854 1250 Ἀχαιῶν
869 1188 906 1228 τε
921 1163 1036 1253 Τρώων
1051 1188 1088 1228 τε

363 1274 441 1361 ἠμὲν
457 1273 648 1363 ἐμαρνάσθην
664 1268 759 1361 έριδος
773 1275 840 1361 πέρι
854 1274 1040 1362 θυμοβόροιο,

361 1378 410 1454 ἠδ’
431 1380 497 1448 αὖτ’
517 1387 549 1449 έν
565 1386 709 1472 φιλότατι
724 1377 891 1473 διέτμαγεν
906 1385 1108 1473 ἀρθμιέσαντε.

281 1532 383 1590 Etiam
393 1531 518 1591 alterum
526 1541 675 1592 certamen
686 1532 776 1609 longe
786 1530 987 1591 nobilisimum
1000 1534 1287 1593 commemorandum

212 1650 265 1714 est,
276 1641 355 1721 quod
365 1643 443 1701 inter
454 1642 592 1702 Paridem
604 1650 634 1702 et
649 1642 820 1702 Menelaum
836 1651 908 1701 erat.
936 1643 1004 1702 Hoc
1019 1651 1119 1702 autem
1136 1651 1285 1703 certamen

212 1754 273 1812 iam
289 1773 307 1812 a
322 1753 593 1812 Nancnnsnscnro
609 1754 714 1812 summi
736 1753 878 1811 momenti
897 1771 960 1812 esse
978 1753 1114 1812 traditur.
1159 1752 1191 1812 Is
1205 1755 1285 1813 enim

212 1865 244 1922 in
258 1862 408 1939 theologia
422 1862 571 1922 homerica
585 1883 614 1942 p.
637 1865 699 1922 304
714 1862 788 1922 haec
808 1860 899 1922 verba
919 1862 1023 1922 habet:
1047 1863 1175 1937 „Dieser
1189 1864 1283 1924 Zwei·

212 1973 321 2052 kampf
337 1972 402 2050 legt
422 1992 478 2033 una
499 1972 548 2032 die
574 1972 845 2033 volkerrechtliche
867 1970 1029 2050 Gesittung
1056 1972 1108 2032 des
1128 1974 1285 2033 Zeitalters

212 2085 244 2142 in
259 2083 327 2142 dem
343 2082 528 2142 ausfflhrlioh
543 2083 761 2160 geschilderten
778 2080 1095 2161 Vertragsabschlusse
1118 2082 1201 2143 dar.“
1245 2083 1286 2142 Et

212 2192 265 2252 illo
290 2192 410 2272 quidem
436 2193 510 2268 loco,
536 2213 594 2273 quo
615 2193 730 2254 Hector
754 2191 872 2252 adhoc
898 2201 1048 2254 certamen
1074 2200 1286 2272 provocaturus

214 2311 285 2376 erat,
302 2303 411 2363 Graeci
426 2303 546 2383 quidem
569 2323 637 2363 eum
659 2304 776 2380 sagittis
791 2312 821 2363 et
839 2303 989 2383 lapidibus
1010 2305 1131 2384 petiisse
1149 2303 1286 2364 feruntur

212 2412 268 2472 sed
283 2412 470 2490 Agamemno
492 2414 592 2473 statim
613 2432 662 2473 eos
681 2433 815 2492 pugnam
831 2414 1025 2474 intermittere
1045 2415 1130 2472 iussit
1152 2413 1199 2472 his
1213 2414 1285 2493 ipsis

210 2522 310 2582 verbis
326 2518 351 2583 Γ
366 2520 406 2584 82
423 2543 457 2604 sq

365 2627 486 2716 ἴσχεσθ’,
496 2628 641 2718 Ἀργεῖοι,
656 2630 698 2717 μή
711 2629 855 2713 βάλλετε,
866 2635 969 2717 κοῦροι
979 2628 1126 2717 Ἀχαιῶν·

363 2745 491 2804 στεῦται
504 2743 563 2830 γάρ
578 2764 610 2802 τι
626 2745 696 2815 ἔπος
713 2739 804 2828 ἐρέειν
819 2739 1012 2827 κορυθαίολος
1022 2740 1160 2828 Ἕκτωρ.

274 2879 355 2939 Tum
386 2897 458 2938 vero
494 2879 595 2937 statim
627 2876 736 2938 Graeci
770 2896 888 2958 quoque
917 2899 1019 2958 pugna
1047 2879 1226 2940 abstiterunt
1254 2888 1283 2939 et

210 2990 331 3064 Hector,
346 3007 424 3070 quae
438 2987 565 3049 dicenda
580 2996 672 3063 erant,
688 2988 820 3068 protulit.
866 2987 912 3049 Of.
927 2983 953 3047 Γ
968 2991 1010 3049 90
1025 3009 1079 3070 sqq

252 3122 346 3185 αὐτὸν
362 3113 597 3208 (Αλέξανδρον)
614 3109 640 3184 δ’
659 3123 691 3184 έν
707 3121 810 3207 μέσσῳ
825 3122 878 3183 καλ
893 3120 1049 3208 ἀρηίφιλον
1065 3120 1226 3186 Μενέλαον

253 3235 331 3308 οἴους
346 3232 417 3318 ἀμφ’
435 3231 550 3315 Ἑλένῃ
567 3232 619 3295 καὶ
634 3232 771 3317 κτήμασι
786 3238 861 3293 πᾶσι
875 3231 1031 3318 μάχεσθαι.

252 3341 417 3429 ὁππότερος
433 3334 467 3406 δέ
482 3365 517 3406 κε
532 3342 639 3425 νικνζσιρ
655 3341 799 3427 κρείσσων
814 3363 850 3404 τε
864 3341 1002 3429 γένηται,

251 3451 382 3538 κτήμαθ’
402 3449 482 3515 ἑλών
498 3447 531 3516 εὖ
546 3453 651 3515 πάντα
665 3451 797 3540 γυναῖκα
811 3475 849 3514 τε
865 3440 962 3514 οἴκαδ’
983 3451 1111 3540 ἀγέσθω.

252 3568 280 3626 ol
295 3555 321 3624 δ’
342 3562 431 3625 ἄλλοι
446 3563 599 3649 φιλότητα
614 3563 667 3624 καὶ
681 3561 769 3647 ὅρκια
782 3558 876 3624 πιστὰ
891 3563 1049 3650 τάμωμεν.

274 3701 324 3761 Ειι
350 3700 435 3761 vides
463 3701 659 3760 rectissimum
685 3701 741 3760 hoc
768 3700 924 3760 consilium
945 3701 1046 3760 fuisse.
1091 3699 1230 3777 Namque
1251 3700 1282 3757 in

212 3831 247 3871 eo
262 3820 334 3887 erat,
349 3819 383 3871 ut
397 3812 419 3871 ii
434 3810 544 3871 bellum
560 3810 689 3885 linirent,
703 3819 826 3891 propter
838 3831 911 3890 quos
926 3812 1077 3890 inceptum
1093 3817 1165 3870 erat.
1196 3805 1284 3882 Quod

210 3921 331 4000 quidem
358 3930 478 4001 pactum
498 3940 557 4001 quo
581 3919 713 3981 sanctius
738 3927 822 3992 esset,
842 3919 980 3979 Priamus
1005 3920 1161 3980 arcessitus
1183 3926 1235 3991 est,
1251 3925 1284 3975 ut

212 4050 297 4091 sacra
310 4031 432 4092 faceret
462 4029 607 4093 Consano
622 4037 721 4090 autem
735 4029 819 4089 iuvat
832 4027 963 4089 Menelai
974 4026 1075 4102 verba,
1090 4046 1168 4108 quae
1181 4022 1207 4086 Γ
1222 4027 1283 4086 105

209 4160 264 4220 sqq
278 4139 472 4200 inveniuntur
