2994 4942
689 279 763 353 '11

210 478 287 537 ienis
302 497 370 536 cum
393 477 534 556 Phrygiis
554 479 759 557 Maeoniisque
778 487 868 538 antea
886 481 1092 539 commercium
1112 480 1176 539 fuit.
1222 480 1282 539 Sed

210 597 244 647 ut
267 588 326 648 tale
352 589 560 648 commercium
582 597 718 648 terrestre
739 589 836 663 fieret,
858 590 926 648 viae
948 598 1069 668 paratae
1093 590 1205 649 fuerint
1230 610 1281 650 ne·

210 717 291 758 cesse
306 706 357 758 est.

274 808 323 867 Ita
338 810 428 867 etiam
450 842 492 851 —
514 809 621 868 utalia
644 810 810 868 commercii
830 810 958 887 vestigia
979 808 1100 868 afferam
1122 842 1164 852 -
1186 811 1278 870 1381

210 939 245 998 sq
269 937 315 978 res
340 917 515 994 laudantur,
541 939 617 997 quac
643 917 862 977 Orchomenum
887 927 918 978 et
941 918 1062 978 Thebas
1076 919 1281 999 Aegyptiacae

210 1029 316 1088 missae
331 1036 414 1087 sunt:

338 1129 400 1199 οὐδ’
417 1134 459 1199 ὅσ)
480 1138 510 1208 ἐς
520 1133 713 1222 Ὀρχομενὸν
728 1137 941 1215 ποτινίσσεται,
957 1128 1018 1199 ool
1038 1135 1096 1199 ὅσα
1111 1134 1218 1217 Θήβας

338 1244 517 1333 Αἰγυπτίας,
532 1244 576 1308 ὅθι
589 1249 722 1308 πλεῖστα
737 1235 840 1331 δόμοις
855 1248 887 1309 ἐν
902 1245 1049 1330 κτήματα
1063 1256 1173 1311 κεῖται.

274 1382 490 1443 Commercium
504 1391 604 1443 autem
619 1404 685 1442 cum
705 1392 821 1443 tantum
843 1392 931 1457 esset,
955 1383 1083 1460 catalogi
1106 1392 1195 1464 poeta
1218 1387 1280 1446 iure

210 1514 262 1554 suo
277 1488 421 1577 Κόρινθον
436 1492 553 1577 ἀφνειόν
569 1489 670 1553 Β570
682 1494 853 1574 appellavit.
883 1495 948 1554 Nec
963 1496 1067 1571 negari
1082 1503 1188 1574 potest,
1203 1515 1280 1555 com-

210 1605 352 1664 mercium
367 1605 399 1664 in
414 1604 516 1662 castris
531 1623 647 1682 quoque
663 1602 844 1663 Graecorum
858 1605 969 1663 factum
989 1625 1060 1665 esse.
1104 1605 1171 1663 Iam
1191 1625 1281 1684 supra

210 1722 469 1773 commemoratum
484 1721 542 1786 est,
562 1713 702 1772 Lemnius
716 1715 819 1772 vinum
835 1716 968 1774 attulisse
983 1715 1072 1794 idque
1086 1716 1177 1774 variis
1191 1714 1279 1774 rebus

210 1826 338 1884 maxime
351 1845 422 1884 vero
442 1825 519 1882 ferro
534 1832 564 1882 et
578 1842 646 1882 aere
662 1833 864 1884 commutasse.
899 1826 964 1884 Nec
980 1845 1049 1884 vero
1064 1827 1159 1884 solum
1174 1825 1282 1884 milites

210 1954 270 2008 res,
290 1955 363 2014 quas
378 1934 512 2013 praedati
529 1941 626 2005 erant,
651 1944 906 1993 commutaverunt
927 1935 977 1994 sed
995 1937 1083 1994 etiam
1099 1934 1188 1995 duces
1202 1935 1282 1994 viros

211 2053 312 2124 captos
337 2043 545 2103 vendiderunt.
590 2042 671 2116 Quid
696 2045 775 2103 enim
801 2045 836 2102 iis
862 2045 1032 2104 faciendum
1058 2044 1144 2104 erat?
1188 2045 1282 2105 Velut

210 2155 345 2214 Achilles
360 2155 531 2233 Lycaonem
547 2154 652 2213 Lemni
668 2153 812 2213 vendidit.
845 2153 890 2213 Of.
907 2148 941 2212 Φ
957 2140 997 2211 40
1013 2175 1047 2233 sq

361 2288 413 2349 aui
428 2289 502 2350 τότε
517 2287 571 2371 μέν
585 2310 635 2372 μιν
647 2285 776 2374 Λῆμνον
792 2286 971 2372 ἐϋκτιμένην
987 2284 1150 2371 ἐπέρασσεν

363 2398 464 2468 νηυσὶν
481 2395 575 2485 ἄγων,
591 2396 670 2480 ὰτάρ
687 2393 747 2470 υίὸς
759 2395 892 2470 Ἰήσονος
907 2391 985 2458 ὦνον
1001 2388 1125 2462 ἔδωκεν.

274 2534 377 2608 Quid?
393 2535 585 2595 credemusne
597 2536 693 2614 ipsum
706 2534 857 2594 Achillem
871 2535 1017 2594 Lemnum
1034 2556 1096 2595 sese
1113 2535 1279 2605 contulisse,

210 2655 243 2703 ut
259 2647 409 2723 captivum
426 2652 626 2703 commutaret.
663 2647 733 2704 Mea
752 2645 871 2724 quidem
890 2647 1037 2705 sententia
1057 2646 1100 2704 ita
1118 2644 1210 2704 verba
1232 2666 1282 2705 ex·

211 2754 353 2834 plicanda
367 2764 444 2829 sunt,
457 2764 489 2813 ut
501 2754 651 2814 Achillem
667 2773 735 2813 eum
749 2755 896 2813 Lemnum
912 2756 1025 2814 misisse
1040 2765 1192 2834 appareat.
1223 2756 1283 2829 Qui

211 2864 330 2943 quidem
345 2864 500 2924 verborum
517 2885 619 2924 sensus
634 2865 669 2923 iis
689 2864 834 2937 firmatur,
859 2885 934 2943 quae
956 2865 1080 2944 Lycaon
1100 2867 1163 2945 ipse
1185 2861 1218 2924 Φ
1242 2867 1281 2925 78

211 2995 244 3054 sq
261 2975 351 3034 dixit:

337 3080 389 3143 καί
405 3082 432 3167 μ’
453 3081 620 3169 ἐπέρασσας
636 3081 756 3147 ἄνευθεν
772 3081 856 3169 ἄγων
872 3082 986 3169 πατρός
999 3104 1035 3145 τε
1050 3086 1145 3169 φίλων
1160 3104 1196 3145 τε

337 3193 467 3278 Λῆμνον
484 3196 513 3265 ἐς
528 3189 673 3280 ἠγαθέην.

275 3338 411 3410 Accedit,
426 3339 505 3418 quod
520 3340 583 3399 lieri
598 3341 649 3398 vix
665 3342 772 3419 potuit,
793 3348 826 3398 ut
845 3341 1045 3419 unusquisque
1061 3359 1150 3418 quem
1164 3347 1282 3418 ceperat

211 3452 273 3527 ipse
285 3457 492 3508 commutaret:
505 3471 607 3509 verum
620 3460 721 3509 tamen
733 3452 843 3528 captivi
856 3470 872 3509 e
884 3450 987 3508 castris
999 3448 1180 3509 Graecorum
1191 3469 1281 3527 quam

212 3561 363 3618 celerrime
378 3559 555 3620 ducerentur
570 3581 688 3619 neccsse
704 3570 774 3620 erat.
811 3560 900 3635 Quod
915 3562 937 3618 si
955 3560 1053 3618 omnia
1068 3559 1142 3618 haec
1155 3559 1282 3633 vestigia

211 3671 453 3749 contemplamur,
469 3692 530 3730 non
545 3679 641 3749 potest
656 3692 715 3729 non
730 3669 862 3743 concedi,
879 3670 1085 3729 commercium
1101 3670 1280 3728 homericum

210 3782 300 3839 fuisse
315 3780 404 3860 idque
420 3781 512 3839 multo
527 3782 621 3838 maius
636 3801 725 3859 quam
741 3781 785 3839 illi
800 3781 979 3859 putaverint,
1003 3780 1052 3858 qui
1069 3780 1203 3838 homines
1218 3779 1280 3837 illo·

210 3912 274 3949 rum
287 3900 451 3970 temporum
464 3913 523 3951 non
536 3892 608 3949 alios
623 3891 713 3950 fuisse
729 3892 895 3949 censuerint
911 3911 999 3968 quam
1016 3891 1065 3967 qui
1081 3888 1168 3948 hodie
1184 3890 1214 3947 in
1230 3909 1279 3947 or-

211 4004 311 4060 tremis
326 4002 429 4060 insulis
445 4000 587 4060 habitent.
