2994 4942
792 306 833 368 32

431 483 580 577 ζωγρεῖτ’,
596 490 693 574 αὐτὰρ
710 488 789 577 ἐγών
805 490 859 574 ἐμὲ
874 491 1017 575 λύσομαι·
1034 489 1171 575 ἔστιγὰρ
1188 482 1291 551 ἔνδον

429 602 541 686 χαλκός
555 621 591 663 τε
605 601 712 685 χρυσός
726 622 762 663 τε
776 600 974 686 πολύκμητός
991 622 1028 662 τε
1043 592 1170 683 σίδηρος,

431 716 495 772 τῶν
510 710 534 773 κ’
554 709 647 796 ὔμμιν
662 711 821 795 χαρίσαιτο
835 711 938 796 πατὴρ
955 708 1094 795 ἀπερείσι’
1115 709 1228 772 ἄποινα

431 824 522 884 εἶκεν
538 818 593 905 ἐμὲ
609 811 687 894 ζωὸν
702 819 853 883 πεπύθοιτ’
873 820 924 883 ἐπὶ
939 822 1040 893 νηυσὶν
1053 819 1199 908 Ἀχαιῶν.

344 969 409 1027 Νοο
425 966 541 1026 silentio
556 965 851 1044 praetermittendum
868 975 920 1040 est,
937 967 1062 1025 militem
1077 967 1210 1025 saucium
1225 965 1353 1044 petiisse,

281 1087 315 1137 ut
330 1079 427 1137 victor
442 1077 555 1156 corpori
571 1096 623 1135 suo
638 1085 781 1155 parceret.
817 1075 910 1136 Cuius
925 1079 1013 1136 moris
1028 1077 1199 1156 exemplum
1214 1075 1353 1134 Hectoris

281 1189 373 1267 ipsius
388 1186 479 1246 verba
494 1185 646 1265 praebent,
662 1206 737 1265 quae
754 1181 783 1244 X
800 1188 860 1245 338
877 1207 931 1266 sqq
946 1187 1100 1264 leguntur:

433 1327 550 1414 λίσσομ’
570 1326 642 1412 ὑπὲρ
658 1324 752 1413 ψυχῆς
767 1329 819 1390 καὶ
833 1329 952 1415 γούνων
968 1333 1029 1391 σῶν
1044 1351 1081 1391 τε
1094 1329 1228 1407 τοκήων,

437 1437 479 1522 μή
496 1459 534 1524 με
551 1441 587 1500 ἔα
601 1438 685 1521 παρὰ
702 1438 787 1509 νηυσὶ
801 1439 893 1511 κύνας
908 1431 1087 1521 καταδάψαι
1099 1438 1236 1524 Ἀχαιῶν

437 1547 521 1610 ἀλλὰ
537 1544 573 1610 σὺ
589 1545 645 1632 μὲν
661 1548 775 1634 χαλκόν
790 1570 827 1611 τε
842 1546 906 1621 ἅλις
922 1550 1029 1634 χρυσόν
1044 1571 1081 1612 τε
1098 1540 1213 1628 δέδεξο.
1319 1611 1322 1615 ,

349 1694 494 1774 Idemque
508 1696 621 1756 Hector
641 1695 701 1754 alia
720 1695 792 1754 data
812 1689 1010 1755 occasioneH
1035 1698 1074 1754 77
1090 1715 1144 1774 sqq
1170 1694 1357 1754 condiciones

287 1804 445 1865 declarans
466 1804 573 1884 quibus
595 1805 634 1865 ad
656 1826 789 1885 pugnam
812 1827 878 1865 cum
908 1807 1046 1865 Menelao
1061 1805 1223 1864 ineundam
1237 1813 1359 1884 paratus

290 1924 380 1991 esset,
409 1918 574 1995 proposuit,
597 1916 724 1974 cadaver
739 1914 777 1975 ab
791 1907 1084 1975 Achaeis‘Troianis
1110 1914 1203 1975 reddi.
1256 1915 1358 1975 Verba

288 2034 387 2085 autem
402 2026 476 2085 haec
491 2035 573 2086 sunt:

442 2173 467 2228 εἰ
482 2167 537 2254 μέν
553 2189 604 2230 κεν
620 2165 674 2253 ἐμὲ
690 2179 786 2242 κεῖνος
801 2167 857 2250 ἕλῃ
874 2167 1024 2237 ταναήκει
1038 2171 1153 2251 χαλκῷ,

441 2278 550 2365 τεύχεα
579 2278 711 2352 συλήσας
727 2279 844 2364 φερέτω
860 2277 970 2351 κοίλας
981 2277 1030 2340 ἐπὶ
1046 2283 1128 2358 νῆας,

442 2394 532 2475 σῶμα
547 2382 582 2450 δὲ
601 2381 697 2451 οἴκαδ’
718 2386 791 2474 ἐμὸν
808 2380 934 2473 δόμεναι
948 2387 1051 2465 πάλιν,
1068 2386 1144 2472 ὅρρα
1159 2387 1250 2472 πυρός
1266 2409 1304 2472 με

443 2497 544 2584 Τρῶες
559 2500 612 2561 καὶ
627 2497 742 2585 Τρώων
759 2498 865 2584 ἄλοχοι
879 2496 1032 2583 λελάχωσι
1048 2496 1191 2560 θανόντα.

354 2645 469 2706 Hector
489 2665 559 2706 vero
582 2667 650 2706 curn
672 2645 710 2705 ab
724 2644 846 2705 Achille
867 2646 1040 2704 interfectus
1063 2652 1149 2718 esset,
1164 2645 1300 2703 Priamus
1322 2642 1362 2701 ad

289 2755 374 2814 illum
400 2775 463 2816 sese
486 2758 623 2831 contulit,
647 2765 681 2816 ut
707 2756 836 2815 cadaver
868 2755 976 2814 mortui
1000 2754 1055 2812 filii
1076 2754 1242 2814 redimeret.
1287 2752 1362 2827 Quis

290 2867 370 2925 enim
385 2873 439 2940 est,
455 2868 506 2945 qui
521 2869 642 2940 nesciat,
658 2869 690 2926 in
704 2867 764 2927 fine
779 2866 868 2925 totius
883 2864 988 2924 Iliadis
1004 2864 1040 2923 de
1055 2865 1101 2924 his
1116 2862 1203 2924 rebus
1218 2865 1278 2941 agi,
1293 2866 1360 2943 quis

292 2982 336 3034 est
362 2976 410 3033 cui
433 2978 545 3036 nonin
572 2986 703 3037 mentem
728 2976 839 3048 veniat,
858 2975 1011 3033 Priamum
1026 2995 1044 3033 a
1058 2975 1206 3034 Mercurio
1233 2975 1297 3053 ipso
1323 2974 1363 3032 ad
1435 2969 1436 2974 '

292 3083 443 3144 Achillem
468 3086 589 3146 ductum
613 3087 698 3146 esse?
726 3087 786 3144 Hic
812 3093 911 3144 autem
926 3084 1062 3143 Thetidis
1084 3083 1158 3144 deae
1184 3086 1265 3162 iussu
1291 3105 1365 3163 opus

295 3204 368 3268 erat,
392 3216 451 3275 quo
474 3196 593 3256 demum
616 3194 750 3255 Achilles
773 3202 934 3254 commotus
957 3203 1010 3267 est,
1036 3203 1070 3253 ut
1084 3195 1223 3254 Hectoris
1238 3193 1366 3253 cadaver

296 3304 443 3380 redderet,
459 3307 497 3365 cf.
515 3301 549 3366 Ω
567 3311 635 3381 137,
652 3307 703 3366 ubi
718 3307 822 3365 Thetis
837 3307 902 3384 ipsa
916 3304 1003 3364 dicit:

445 3441 513 3503 ἀλλ’
534 3440 591 3527 ἄγε
606 3436 643 3509 δὴ
659 3443 760 3514 λῦσον,
776 3448 893 3522 νεκροῖο
910 3432 944 3499 δὲ
961 3429 1046 3515 δέξαι
1062 3436 1182 3499 ἄποινα.

361 3578 475 3637 Notum
489 3586 590 3636 autem
606 3585 658 3649 est,
672 3576 823 3636 Achillem
838 3577 1029 3635 vehementer
1043 3582 1168 3652 optasse,
1184 3583 1218 3634 ut
1231 3576 1370 3634 Hectoris

297 3686 424 3746 cadaver
439 3686 607 3747 laederetur
622 3694 652 3746 et
666 3688 698 3745 in
713 3686 893 3747 carminibus
908 3685 1064 3745 homericis
1078 3682 1165 3756 tradi,
1186 3705 1275 3764 quam
1290 3685 1369 3744 male

296 3795 431 3856 Achilles
446 3797 585 3857 Hectoris
600 3795 728 3857 cadaver
749 3798 930 3870 tractaverit,
948 3796 985 3855 cf.
1003 3788 1037 3853 Ω
1055 3797 1094 3853 17
1115 3815 1179 3874 sqq.
1224 3793 1369 3873 Captivos

297 3917 396 3968 autem
417 3907 522 3968 redimi
542 3908 671 3986 potuisse
694 3925 731 3966 ex
752 3907 851 3966 verbis
873 3906 911 3966 de
926 3906 1067 3984 Lycaone
1087 3904 1125 3963 ab
1139 3903 1260 3965 Achille
1281 3912 1369 3983 capto

299 4017 385 4076 dictis
401 4019 528 4096 apparet
540 4016 576 4073 cf.
594 4011 626 4073 Φ
643 4019 683 4074 40
699 4035 753 4094 sqq
