2994 4942
730 287 769 341 10

652 368 847 378 --.-.--

210 471 330 546 intrare,
353 477 387 528 ut
400 489 448 529 res
466 480 603 547 gererent
624 471 797 550 lucrumque
821 472 960 530 facerent.
1009 473 1100 531 Velut
1119 473 1285 531 Phoenices

213 581 321 660 Syram
336 580 453 640 venisse
468 600 484 639 0
499 581 561 639 415
578 601 612 659 sq

366 687 437 750 ἔνθα
454 680 489 751 θὲ
505 687 646 760 Φοίνικες
661 688 854 750 ναυσίκλυτοι
869 685 981 758 ἤλυθον
998 681 1111 777 ἄνδρες,

364 807 511 882 τρῶκται,
528 798 602 884 μυρί’
620 798 746 886 ἄγοντες
761 797 922 884 ἀθύρματα
933 799 981 871 νηί
993 801 1133 884 μελαίνῃ,

211 909 311 989 ibique
327 931 421 970 unum
435 931 549 971 annum
564 912 674 970 versati
688 930 751 970 esse
767 910 906 970 dicuntur
920 931 936 970 ο
952 913 1014 971 455
1030 932 1065 990 sq

366 1025 392 1080 oi
408 1010 433 1081 θ’
446 1015 585 1082 ἐνιαυτὸν
601 1017 727 1081 ἅπαντα
741 1019 809 1103 παρ’
825 1023 896 1104 ἡμῖν
912 1013 978 1080 αθθι
994 1018 1136 1102 μένοντες

365 1129 397 1190 ἐν
413 1129 461 1201 νηὶ
475 1132 616 1217 γλαφυρῇ
632 1127 735 1210 βίοτον
750 1124 846 1191 πολὺν
862 1127 1072 1213 ἐμπολόωντο.

275 1240 341 1300 Nee
356 1241 449 1299 solum
465 1243 662 1318 negotiatores
677 1249 770 1300 terras
781 1242 883 1301 risisse
901 1241 1050 1315 videntur,
1073 1261 1176 1301 verum
1196 1243 1285 1301 etiam

212 1371 308 1430 caupo
324 1370 339 1409 ο
356 1352 417 1412 459
434 1372 488 1431 sqq
502 1353 618 1412 venisse
633 1350 770 1425 traditur,
785 1352 835 1430 qui
850 1372 896 1411 res
912 1359 1113 1410 commutaret.

364 1456 448 1529 ἤλυθ’
468 1459 543 1543 ἀνὴρ
559 1447 711 1545 πολύιδρις
726 1460 802 1543 ἐμοῦ
817 1454 889 1543 πρὸς
904 1447 1039 1542 θώματα
1053 1457 1168 1542 πατρός

363 1568 488 1655 χρύσεον
504 1567 595 1654 ὅρμον
612 1572 700 1654 ἔχων,
716 1567 797 1654 μετὰ
813 1557 838 1629 θ’
855 1568 1044 1655 ἠλέκτροισιν
1061 1572 1155 1656 ἔερτο.

363 1674 419 1740 τὸν
435 1677 490 1763 μὲν
507 1677 551 1763 ἄρ’
570 1682 601 1741 ἐν
618 1677 739 1765 μεγάρῳ
756 1669 857 1764 δμωαί
871 1677 924 1740 καὶ
938 1678 1051 1740 πότνια
1064 1677 1172 1764 μήτηρ

364 1788 462 1874 χερσίν
477 1788 503 1850 τ’
524 1788 733 1874 ἀμφαφόωντο
749 1788 801 1850 καὶ
816 1786 1012 1872 ὀφθαλμοῖσιν
1029 1788 1154 1876 ὁρῶντο,

364 1893 442 1960 οἶνον
458 1899 658 1986 ἐπισχόμεναι·
674 1897 690 1959 ό
707 1890 741 1961 δὲ
756 1901 797 1980 τῇ
812 1901 978 1961 κατένευσε
994 1904 1106 1982 σιωπῇ.

276 2008 343 2084 Quo
357 2011 421 2069 loeo
436 2031 615 2090 quamquam
630 2012 677 2069 vir
698 2010 749 2069 ille
764 2018 880 2069 tanturn
892 2030 927 2070 eo
943 2013 1064 2071 oonsilio
1084 2031 1197 2071 meroes
1215 2032 1285 2071 ven·

213 2119 312 2179 ditans
327 2122 431 2179 missus
446 2130 498 2193 est,
522 2130 555 2180 ut
570 2121 687 2180 mulieri
703 2119 842 2181 Sidoniae
864 2122 981 2198 signum
1001 2123 1177 2201 promissum
1192 2121 1284 2194 daret,

211 2239 313 2290 tamen
332 2231 408 2289 illud
425 2231 489 2290 fieri
504 2253 564 2290 non
579 2233 683 2311 potuit,
699 2232 755 2291 nisi
771 2251 850 2291 more
865 2238 1016 2310 receptum
1031 2240 1103 2302 erat,
1124 2240 1158 2289 ut
1172 2233 1284 2291 instito-

210 2361 257 2400 res
272 2341 373 2400 domos
387 2344 466 2421 ipsas
480 2344 624 2400 intrarent
635 2341 735 2419 ibique
747 2361 792 2400 res
803 2349 948 2417 gererent.
971 2341 1036 2400 Neo
1047 2361 1117 2401 vero
1129 2343 1285 2420 quisquam

211 2452 332 2511 domum
347 2454 457 2512 intrare
473 2472 560 2510 ausus
575 2459 627 2524 est,
650 2452 706 2511 nisi
723 2453 817 2524 seivit,
842 2472 873 2510 se
896 2453 958 2511 iure
981 2451 1109 2529 quodam
1129 2451 1285 2510 defensum

211 2582 289 2622 esse:
311 2572 435 2641 apparet
459 2564 549 2635 enim,
569 2563 767 2638 negotiatores
791 2563 901 2641 quippe
926 2562 977 2640 qui
1002 2563 1152 2640 peregrini
1178 2569 1283 2635 essent,

211 2673 420 2752 hospitalitatis
435 2674 498 2732 iure
513 2692 581 2730 usos
596 2691 666 2731 esse.
711 2671 784 2731 Alia
801 2692 918 2751 quoque
938 2672 1065 2748 vestigia
1080 2671 1221 2750 probant,
1244 2673 1285 2730 ali

211 2784 294 2859 genti
310 2803 376 2841 eum
397 2783 457 2842 alia
476 2790 567 2860 gente
587 2783 754 2859 negotium,
778 2791 811 2840 ut
830 2784 872 2840 ita
894 2783 1002 2855 dicam,
1024 2789 1161 2842 terrestre
1183 2783 1283 2841 fuisse.

212 2893 349 2971 Namque
365 2893 561 2951 Telemachus
577 2913 643 2950 eum
660 2893 798 2971 Spartam
819 2911 882 2951 sese
897 2893 1052 2964 conferret,
1070 2908 1162 2951 ‘curru
1182 2902 1285 2951 vectus

211 3022 276 3062 esse
290 3003 397 3062 fertur:
413 3023 433 3087 γ
449 3003 511 3062 495
529 3023 563 3080 sq

362 3106 426 3189 ἷξον
444 3104 468 3172 θ’
489 3112 519 3182 ἐς
533 3102 636 3173 πεδίον
651 3110 828 3196 πυρηφόρον,
845 3108 915 3171 ἔνθα
931 3101 957 3171 θ’
975 3113 1083 3172 ἔπειτα

365 3214 437 3290 ἦνον
453 3216 534 3285 ὁδόν·
549 3230 634 3282 τοῖον
650 3220 708 3306 γαρ
726 3220 892 3305 ὑπέκφορον
908 3220 1000 3293 ὠκέες
1015 3221 1109 3282 ἵπποι.

254 3333 322 3407 Quo
336 3334 400 3392 loeo
416 3354 502 3393 nemo
518 3343 575 3407 est,
597 3335 723 3412 quinon
742 3334 911 3409 intellegat,
934 3334 998 3391 vias
1020 3342 1083 3391 tum
1105 3330 1165 3390 iarn
1186 3333 1283 3391 fuisse.

212 3443 303 3503 Adde
324 3443 405 3523 quod
427 3445 541 3504 Hector
564 3441 589 3503 Σ
607 3445 669 3502 290
689 3464 743 3523 sqq
762 3453 873 3517 narrat,
896 3443 1049 3501 Priamum
1072 3442 1194 3501 divitias
1218 3462 1286 3500 suas

207 3564 408 3615 -eommutasse

364 3668 416 3724 νῦν
433 3653 521 3732 didi
538 3660 717 3742 ἐξαπόλωλε
733 3653 834 3746 θόμων
850 3660 993 3747 κειμήλια
1008 3658 1099 3742 καλοί,

366 3773 469 3835 πολλοὶ
486 3767 519 3836 δέ
536 3765 573 3842 θη
590 3770 727 3859 Φρυγίην
743 3772 794 3833 καὶ
809 3773 946 3854 Μῃονίην
962 3769 1118 3855 ἐρατεινήν

366 3883 517 3970 κτήματα
531 3883 685 3970 περνάμεν’
704 3884 768 3945 ἵκει·

214 4017 291 4074 (qliae
306 4020 403 4058 rerum
419 3999 608 4056 commutatio
628 4007 691 4055 tum
711 3997 829 4056 omnino
852 3995 914 4053 fieri
936 4016 995 4055 non
1018 3998 1113 4075 potuit
1134 3998 1189 4056 nisi
1214 3997 1286 4054 Tro-
