2994 4942
727 273 822 357 ro

644 378 844 392 m———nb

211 483 343 560 kriege.“
387 481 477 542 Adde
507 484 585 564 quod
610 484 718 542 Nestor
740 484 883 559 gloriatus
905 491 956 555 est,
981 483 1059 561 quod
1081 485 1144 561 ipse
1167 485 1282 542 iuvenis

211 613 351 670 magnam
366 593 505 671 praedam
521 593 647 653 fecisset.
683 593 774 651 ,Dicit
788 594 866 651 enim
882 588 915 651 Λ
931 593 992 651 677
1009 612 1062 672 sqq
1076 594 1164 652 haec:

326 756 328 760 ·
361 726 454 805 ληίδα
470 725 495 794 δ’
515 735 550 796 ἐκ
565 726 670 795 πεδίου
687 731 913 820 συνελάσσαμεν
928 732 1018 804 ἤλιθα
1031 734 1159 812 πολλήν,

362 843 557 913 πεντήκοντα
572 844 651 924 βοῶν
668 845 791 929 ἀγέλας,
806 843 886 907 τόσα
900 843 987 906 πώεα
1002 848 1084 922 οἰῶν,

361 953 462 1016 τόσσα
476 959 556 1015 συῶν
572 953 707 1033 συβόσια,
722 955 785 1016 τόσ’
804 954 930 1018 αἰπόλια
944 953 1052 1016 πλατέ’
1072 959 1178 1042 αἰγῶν,
1232 997 1235 1002 -

361 1064 468 1135 ἵππους
483 1055 518 1125 δὲ
535 1059 644 1143 ξανθὰς
658 1061 771 1125 ἕκατον
786 1064 838 1126 καὶ
853 1064 1058 1140 πεντήκοντα,

362 1172 461 1246 πάσας
475 1173 604 1251 θηλείας,
619 1176 752 1255 πολλῇσι
767 1165 802 1235 δὲ
816 1177 916 1236 πῶλοι
930 1173 1059 1244 ὑπῆσαν.

277 1320 319 1378 Et
334 1320 434 1398 paullo
450 1320 528 1378 infra
549 1318 642 1392 addit,
664 1329 846 1399 quantopere
860 1321 972 1380 Neleus
994 1321 1115 1398 gavisus
1137 1321 1184 1392 sit,
1205 1319 1285 1399 quod

212 1431 332 1489 Nestori
349 1430 451 1488 inveni
474 1430 534 1487 iam
555 1449 602 1487 res
617 1428 692 1488 bene
715 1429 863 1504 caderent,
883 1432 920 1490 cf.
937 1428 970 1491 Λ
987 1433 1048 1490 683
1072 1450 1133 1509 sqq.
1178 1429 1284 1489 Ulixes

212 1548 311 1599 autem
337 1559 404 1598 oum
432 1538 551 1598 umbras
577 1540 784 1616 interrogaret,
812 1561 849 1600 ex
874 1540 1101 1617 Agamemnone
1125 1540 1282 1618 quaesivit,

211 1658 310 1708 utrum
336 1669 443 1728 pecora
467 1650 586 1728 rapiens
615 1669 654 1707 an
680 1647 782 1708 urbem
811 1649 974 1710 defendens
996 1651 1170 1710 interfectus
1199 1659 1284 1710 esset.

211 1760 368 1836 Leguntur
382 1760 460 1819 enim
475 1759 495 1817 λ
511 1762 571 1818 401
589 1780 643 1839 sqq
658 1761 732 1818 haec
746 1759 852 1820 verbe:

362 1894 398 1971 ἦέ
414 1903 438 1962 σ’
456 1898 592 1985 ἀνάρσιοι
607 1893 710 1987 ἄνδρες
726 1893 907 1972 ἐδηλήσαντ’
927 1901 978 1964 ἐπὶ
991 1902 1099 1987 χέρσου

363 2013 433 2093 βοῦς
446 2010 703 2096 περιταμνόμενον
718 2003 765 2080 ἠδ’
786 2016 857 2074 οἰών
872 2013 960 2076 πώεα
974 2010 1065 2088 καλά,

363 2120 398 2192 ἠὲ
412 2122 479 2206 περὶ
493 2121 620 2195 πτόλιος
635 2122 842 2207 μαχεούμενον
858 2117 913 2193 ἠδὲ
928 2127 1110 2210 γυναικῶν.1

276 2269 341 2328 Nec
358 2289 418 2327 non
434 2287 514 2328 more
534 2277 686 2347 receptum
706 2276 778 2341 erat,
801 2276 833 2327 ut
853 2269 912 2327 illis
931 2267 1111 2347 temporibus
1130 2268 1286 2326 homericis

215 2399 276 2438 non
293 2378 387 2438 solum
411 2377 497 2437 urbes
516 2386 695 2457 peterentur,
719 2398 821 2437 verum
842 2380 931 2437 etiarn
952 2377 1086 2437 homines
1101 2386 1284 2456 caperentur.

212 2487 280 2562 Qua
295 2488 332 2547 de
347 2507 378 2547 re
393 2486 484 2546 verba
499 2488 679 2547 conferenda
695 2497 773 2562 sunt,
788 2510 864 2568 quae
882 2509 895 2573 ρ
913 2490 974 2546 432
990 2509 1044 2567 sqq
1059 2489 1213 2565 leguntur:

280 2774 289 2804 ¹
307 2775 336 2820 In
348 2775 437 2821 ultimo
449 2789 524 2823 versu
542 2801 574 2809 -
589 2782 617 2822 ut
629 2777 676 2822 hoc
689 2777 781 2825 addam
791 2803 822 2810 —
833 2779 880 2825 Fa.
891 2778 958 2823 Aue.
969 2777 1100 2824 Wourrus
1110 2776 1281 2823 accusativum

210 2860 347 2917 singularis
359 2861 455 2907 numeri
468 2853 635 2927 μαχεούμενον
651 2862 676 2907 ἰιι
689 2864 872 2908 nominativum
884 2862 991 2922 pluralis
1004 2863 1100 2908 numeri
1119 2855 1284 2927 μαχεούμενοι

212 2945 326 2990 mutavit.
364 2944 420 3003 Qua
432 2945 532 3004 quidem
544 2947 681 2992 mutatione
700 2947 817 3005 quamvis
830 2948 959 2993 lenissima
971 2961 1009 2992 me
1022 2946 1105 2992 iudice
1117 2946 1218 2992 omnino
1232 2959 1282 2992 non

211 3042 273 3089 opus
285 3034 329 3076 est.
360 3030 426 3075 Nam
438 3030 546 3092 primum
559 3031 659 3088 quidem
672 3030 693 3077 si
706 3030 786 3077 libros
802 3033 928 3090 sequimur
944 3019 975 3092 ἤι’
991 3036 1016 3076 et
1033 3023 1048 3092 ἥ
1067 3030 1199 3090 particulis
1215 3044 1282 3094 περι·

210 3105 362 3179 ταμνόμενον
375 3116 467 3174 optime
480 3109 646 3182 μαχεούμενον
660 3115 718 3161 voci
730 3117 874 3176 opponitur:
887 3121 939 3162 tum
948 3129 1009 3161 vero
1019 3116 1040 3162 si
1050 3114 1187 3162 Woarrurr
1200 3115 1281 3173 sequi·

210 3212 266 3244 mur
278 3190 385 3263 diriperet
402 3190 486 3264 ἄνδρες
503 3205 528 3246 et
545 3191 708 3266 μαχεσόμενοι
726 3199 774 3246 sibi
792 3206 957 3261 opponuntur,
976 3213 1126 3259 quamquam
1144 3200 1195 3246 fere
1213 3199 1281 3245 idem

211 3287 275 3329 sunt.
301 3284 355 3329 Nec
367 3284 447 3329 altero
460 3286 524 3343 loco,
538 3299 612 3344 quem
620 3286 668 3331 ‘ille
681 3286 721 3330 vir
732 3285 890 3332 doctissimus
900 3285 1014 3344 contulit,
1025 3274 1189 3351 μαχεοόμενοι
1198 3284 1283 3342 legen·

210 3367 269 3414 dum
281 3381 336 3414 esse
347 3367 475 3428 probatur.
500 3369 599 3430 Scripta
610 3370 677 3417 enim
690 3375 747 3416 sunt
759 3387 780 3416 ω
795 3371 841 3416 113
855 3383 900 3430 sqq
913 3371 976 3416 haec
988 3370 1040 3416 tera
1052 3368 1146 3415 verba:

413 3466 429 3541 ἦ
443 3493 492 3526 που
504 3469 611 3544 ἀνάρσιοι
623 3473 709 3546 ἄνδρες
721 3469 864 3543 ἐδηλήσαντ’
879 3474 917 3527 ἑπλ
929 3476 1016 3545 χέρσου

414 3559 472 3626 βοῦς
482 3562 702 3631 περιταμνομένους
714 3558 754 3626 ἡδ’
769 3560 828 3612 οἰῶν
838 3553 911 3613 πώεα
922 3554 995 3622 καλό,

414 3643 443 3708 ἠὲ
455 3646 509 3715 περὶ
520 3645 619 3705 πτόλιος
631 3641 793 3715 μαχεούμενοι
804 3642 849 3711 ἡδὶ
860 3648 993 3712 γυνααῶνι

209 3761 323 3820 Namque
335 3761 381 3808 hos
393 3773 481 3808 versus
492 3758 579 3822 paucis
591 3758 677 3806 verbis
689 3759 792 3807 mutatis
808 3784 842 3792 -
858 3758 930 3803 vides
942 3753 969 3805 σέ
980 3770 1118 3817 pronomen
1130 3757 1156 3803 ln
1167 3771 1216 3805 που
1228 3771 1282 3803 mu·

210 3851 289 3892 tatum
302 3858 356 3892 esse
370 3851 395 3892 et
406 3858 451 3906 pro
462 3841 671 3910 περιταμνόμενον
688 3843 811 3903 singulari
826 3839 1046 3908 περιταμνομένους
1062 3842 1169 3902 pluralis
1187 3841 1284 3888 numeri

210 3931 380 3977 accusativum
396 3930 517 3990 scriptum
537 3941 590 3974 esse
611 3952 644 3962 -
668 3941 698 3974 ex
715 3927 798 3987 priore
815 3928 861 3974 illo
879 3928 934 3973 loco
947 3921 963 3974 λ
975 3927 1023 3972 401
1037 3939 1084 3986 sqq
1102 3931 1214 3987 sumptos
1227 3938 1282 3972 essa

209 4020 403 4061 consentaneum
416 4019 460 4059 est.
487 4013 562 4072 Quod
572 4012 697 4072 quomodo
706 4011 800 4059 tactum
811 4012 852 4070 sit,
866 4025 914 4058 non
926 4017 965 4058 est
978 4025 1022 4057 cur
1033 4006 1163 4071 σιροιιιιιιῖ
