2994 4942
641 315 762 409 ,νε

209 501 302 561 Velut
323 502 353 560 N
369 503 430 561 658
457 522 491 580 sq
513 501 709 582 Pylaemenes
732 512 826 580 urget,
853 503 932 582 quod
956 524 1010 583 pro
1035 504 1097 564 filio
1122 505 1279 566 interfecto

208 613 366 690 pecuniam
381 633 441 671 non
456 613 583 691 accepit:

513 715 592 805 μετά
609 711 642 783 δέ
659 740 709 805 σφι
723 720 825 806 πατέρ
841 721 887 784 κίε
903 713 1020 808 δάκρυα
1035 722 1153 803 λείβων,
1202 784 1205 789 .

360 829 447 899 ποινη
465 822 491 890 δ’
511 828 544 891 οὔ
560 853 605 902 τις
619 820 725 902 παιδὸς
740 829 877 918 ἐγίγνετο
892 829 1072 905 τεθνηῶτος.

274 967 390 1042 Quibus
419 987 455 1026 ex
485 966 584 1026 verbis
613 966 778 1025 luculenter
807 975 944 1046 apparet,
974 968 1116 1029 damnum
1143 972 1279 1030 resarciri

209 1079 346 1158 potuisse.
405 1076 518 1152 Quodsi
547 1077 715 1155 quaerimus
744 1096 875 1154 quanam
904 1097 936 1136 re
967 1081 1100 1156 cognatis
1129 1081 1278 1140 interfecti

209 1191 334 1249 hominis
360 1187 545 1247 satisfactum
560 1188 606 1261 sit,
633 1185 777 1258 videmus,
800 1186 866 1246 illos
890 1197 1030 1265 cognatos
1045 1191 1153 1248 mortui
1168 1210 1278 1269 poenas

209 1306 376 1385 persecutos
405 1315 475 1356 esse.
529 1296 666 1375 Namque
692 1295 828 1355 omnibus
853 1297 938 1371 locis,
965 1298 1071 1376 quibus
1096 1299 1278 1360 interfecisse

209 1411 371 1489 quisquam·
387 1414 534 1480 narratur,
556 1407 647 1484 isqui
672 1405 794 1465 caedem
814 1409 1004 1487 perpetravit,
1028 1409 1139 1486 fugisse
1161 1409 1277 1491 dicitur.

208 1520 343 1578 Primum
368 1518 465 1576 locum
490 1515 656 1590 afferamus,
673 1535 710 1574 ex
733 1535 768 1574 ea
790 1525 873 1594 parte
887 1518 1000 1577 libriB
1026 1527 1176 1598 sumptum
1200 1540 1276 1599 quae

208 1631 330 1688 navium
358 1627 512 1704 catalogus
536 1625 680 1705 appellari
703 1626 790 1685 solet:
813 1627 865 1686 ubi
879 1649 907 1687 v.
931 1631 991 1688 661
1017 1650 1070 1709 sqq
1090 1631 1163 1690 haec
1184 1631 1276 1689 verba

208 1740 361 1817 leguntur:

336 1844 536 1930 Τληπόλεμος
550 1836 576 1904 δ’
595 1843 660 1906 ἐπεὶ
675 1839 727 1906 οὖν
742 1844 842 1930 τράφη
858 1848 889 1908 ἐν
905 1845 1028 1933 μεγάρῳ
1043 1846 1197 1929 εὐπήκτῳ,

337 1956 449 2018 αὐτίκα
463 1950 578 2038 πατρὸς
592 1955 655 2015 ἑοῖο
670 1953 756 2039 φίλον
773 1953 902 2040 μήτρωα
915 1955 1065 2035 κατέκτα,

337 2059 395 2138 ἤδη
411 2065 607 2154 γηράσκοντα
622 2062 799 2149 Λικύμνιον,
815 2057 884 2139 ὄζον
894 2064 1015 2151 Ἄρηος.

338 2288 378 2368 βῆ
392 2287 511 2373 φεύγων
527 2286 576 2348 ἐπὶ
590 2284 710 2349 πόντον·
726 2286 893 2356 ἀπείλησαν
909 2281 967 2371 γάρ
983 2289 1011 2347 ol
1026 2285 1116 2349 ἄλλοι

338 2396 413 2469 υἱέες
427 2395 528 2458 υίωνοί
542 2417 578 2458 τε
593 2396 656 2476 βίης
670 2393 881 2482 Ἡρακληείης.

183 2617 185 2621 y
273 2544 344 2603 Alia
359 2543 495 2620 exempla
509 2561 547 2602 ex
561 2541 634 2600 locis
649 2540 685 2601 de
700 2541 807 2622 quibus
818 2561 905 2603 nemo
920 2543 1030 2621 estqui
1045 2541 1169 2617 dubitet,
1180 2563 1278 2623 sump-

209 2656 246 2715 tis
260 2656 335 2714 haec
349 2653 411 2714 fere
426 2660 508 2711 sunt:
531 2652 561 2710 N
578 2652 637 2711 695
654 2672 688 2730 sq
701 2652 776 2712 haee
790 2653 882 2712 verba
895 2653 1102 2712 inveniuntur:

516 2752 657 2840 (Μέδων)
674 2756 771 2844 αὐτάρ
789 2763 885 2823 ἔναιεν

364 2873 395 2934 ἐν
412 2868 557 2952 Φυλάκῃ,
569 2869 656 2956 γαίης
672 2868 732 2932 ἄπο
748 2863 902 2956 πατρίδος,
918 2861 1015 2955 ἄνδρα
1029 2869 1188 2944 κατακτάς

211 2983 400 3065 quiquidem
422 2983 504 3041 locus
529 2979 660 3042 etiamO
683 2984 744 3042 334
766 3002 801 3061 eq
827 2983 943 3059 legitur.
988 2981 1079 3040 Porro
1094 2978 1127 3042 Π
1147 2985 1207 3042 571
1226 3003 1281 3063 sqq

210 3103 299 3175 poeta
317 3092 416 3166 tradit,
439 3093 589 3171 Epigeum
612 3113 679 3180 eum
701 3099 859 3170 cognatum
882 3091 1078 3151 interfecisset
1101 3092 1140 3151 ad
1155 3092 1279 3152 Peleum

210 3204 380 3283 Thetinque
396 3203 559 3282 supplicem
574 3203 690 3262 venisse
706 3201 743 3262 ab
758 3204 853 3281 iisque
867 3209 1025 3280 exceptum
1040 3221 1116 3261 esse:

703 3327 766 3408 δῖος
776 3335 785 3392 .’
792 3334 949 3421 Επειγεύς,

363 3443 394 3519 ὅς
409 3445 430 3531 ρ’
451 3448 482 3508 ἐν
499 3436 632 3523 Βουδείῳ
647 3444 829 3532 εὐναιομένῳ
844 3444 973 3516 ἤνασσεν

363 3551 401 3616 τὸ
415 3555 493 3640 πρίν·
508 3552 586 3643 ἀτάρ
599 3554 674 3619 τότε
688 3555 714 3643 γ’
735 3554 839 3618 ἐσθλὸν
856 3552 975 3640 ἀνεψιὸν
991 3552 1160 3644 ἐξεναρίξας

365 3668 394 3738 ἐς
410 3665 509 3737 Πηλῆ’
529 3666 665 3728 ἱκέτευσε
679 3666 731 3727 καί
747 3668 776 3739 ἐς
791 3664 886 3727 Θέτιν
903 3659 1117 3752 ἀργυρόπεζαν.

275 3805 454 3865 Notissimus
469 3812 569 3864 autem
584 3805 634 3866 ille
656 3805 737 3864 locus
759 3814 812 3879 est,
839 3804 889 3862 ubi
910 3804 1040 3862 Patrocli
1063 3805 1163 3863 anima
1184 3803 1281 3863 dicere

211 3917 341 3994 fingitur,
363 3915 535 3974 Patroclum
554 3935 678 3994 puerum
697 3914 787 3975 caede
807 3915 961 3974 commissa
983 3915 1133 3993 quondam
1154 3935 1172 3973 a
1190 3914 1281 3974 Peleo

212 4034 369 4105 exceptum
384 4045 453 4084 esse.
501 4025 548 4084 of.
566 4023 604 4084 Ψ
616 4026 658 4085 85
675 4047 728 4104 sqq
