2994 4942
781 302 823 367 38

268 494 411 553 nonnulla
437 496 566 568 afferam,
593 494 700 574 quibus
725 513 884 573 praecones
911 500 1061 552 ornantur.
1107 492 1198 552 Velut
1222 488 1253 553 H
1274 497 1337 557 276

267 604 340 663 haec
355 604 447 664 verba
461 605 614 682 leguntur:
709 651 710 655 ,

419 709 583 793 Ταλθύβιός
598 734 634 775 τε
648 711 701 774 καὶ
712 701 832 791 Ἰδαῖος,
847 711 1027 798 πεπνυμένω
1044 710 1135 799 ἄμφω

268 833 297 884 et
311 824 413 905 paullo
428 833 495 905 post
512 827 572 885 278

418 930 512 1019 κῆρυξ
522 924 643 1011 Ἰδαῖος,
657 931 834 1020 πεπνυμένα
849 925 948 1017 μα’,δεα
962 923 1058 1006 εἰδώς.

331 1044 505 1126 Eodemque
520 1048 650 1126 epitheto
665 1045 744 1126 quod
759 1054 868 1105 vocant
883 1045 901 1125 β
917 1048 957 1105 38
973 1047 1097 1104 Pisenor
1111 1047 1286 1127 honoratur:

418 1152 512 1242 κῆρυξ
527 1153 695 1239 Πεισήνωρ,
710 1153 888 1238 πεπνυμένα
903 1143 1004 1239 μήδεα
1019 1144 1115 1226 εἰδώς.

331 1284 448 1344 Deinde
463 1305 569 1364 praeco
584 1284 687 1346 eodem
701 1285 800 1343 animo
815 1303 879 1343 esse
894 1283 1001 1342 dicitur
1019 1304 1054 1342 ac
1068 1283 1204 1343 Priamus
1218 1304 1271 1344 rex
1286 1284 1336 1345 ille

265 1395 525 1475 prudentissimus:
546 1395 687 1473 leguntur
701 1395 778 1454 enim
795 1388 830 1453 Ω
846 1396 906 1454 282
921 1394 996 1453 haec
1010 1392 1102 1453 verba

417 1499 512 1588 κῆρυξ
526 1503 578 1565 καὶ
593 1501 739 1590 Πρίαμος,
753 1502 863 1564 πυκινὰ
879 1502 962 1590 φρεσὶ
977 1493 1060 1586 μήδε’
1081 1505 1201 1587 ἔχοντες

265 1617 316 1694 qui
331 1616 450 1694 quidem
465 1635 568 1676 versus
583 1610 617 1675 Ω
634 1616 695 1675 674
710 1616 861 1694 repetitur.

329 1752 394 1811 Nec
405 1750 527 1809 dubium
539 1769 602 1810 esse
614 1759 710 1829 potest
721 1752 787 1829 quis
802 1752 840 1808 sit
851 1743 946 1833 κῆρυξ
958 1740 1101 1833 δαΐφρων.
1131 1751 1243 1809 Notum
1254 1754 1333 1811 enim
1428 1734 1432 1740 ¹

265 1870 318 1935 est,
333 1852 466 1945 δαΐφρων
481 1861 661 1920 adiectivum
676 1862 707 1920 in
722 1861 817 1919 Iliade
833 1860 914 1919 aliud
928 1859 1001 1939 quid
1016 1861 1183 1937 significare
1198 1882 1287 1940 quam
1303 1864 1333 1922 in

168 2043 170 2047 ,
266 1971 409 2052 Odyssea.
430 1972 468 2030 In
479 1971 575 2030 Iliade
586 1972 663 2029 enirn
675 1960 808 2054 δαΐφρων
818 1970 998 2030 adiectivum
1009 1979 1133 2050 excepto
1143 1972 1246 2032 ultimo
1258 1973 1332 2032 libro

266 2083 371 2141 sortem
382 2061 488 2154 virum,
499 2082 532 2140 in
539 2080 675 2160 Odyssea
684 2082 860 2160 prudentem
872 2081 1038 2158 significare
1050 2082 1109 2140 iam
1116 2083 1335 2144 Burrusuuus

265 2194 297 2251 in
315 2193 436 2268 lexilogi
452 2192 510 2251 vol.
530 2193 563 2251 14
578 2212 606 2270 p.
627 2193 686 2251 189
707 2191 815 2252 docuit.
847 2190 922 2252 Cum
939 2192 1030 2268 igitur
1042 2186 1076 2251 Ω
1089 2175 1149 2252 325
1161 2194 1337 2254 haecverba

265 2304 375 2381 scripta
389 2304 448 2362 sint

417 2410 474 2483 τας
490 2408 655 2494 (ἡμιόνους)
667 2401 779 2483 Ἰδαῖος
795 2413 904 2473 ἔλαυνε
919 2402 1052 2498 δαΐφρων

266 2523 501 2582 concludendum
517 2531 568 2595 est,
591 2523 675 2581 illurn
690 2525 787 2581 virum
801 2523 977 2603 prudentem
993 2523 1090 2596 fuisse.
1135 2524 1237 2582 Etiam
1251 2544 1334 2603 prae·

266 2637 338 2695 clari
353 2635 402 2694 vel
417 2632 530 2693 nobiles
545 2653 705 2712 praecones
724 2632 872 2706 dicuntur,
892 2653 950 2712 quo
971 2635 1089 2694 nomine
1109 2632 1199 2694 duces
1218 2641 1336 2694 tanturn

265 2755 295 2806 et
306 2765 390 2825 reges
402 2745 546 2824 appellari
557 2742 699 2803 solebant.
728 2745 885 2821 Leguntur
895 2751 994 2803 autern
1009 2738 1106 2804 F268
1123 2764 1157 2824 sq
1172 2745 1202 2804 hi
1218 2720 1336 2805 uersus:

571 2886 650 2971 ἀτὰρ
665 2885 790 2969 κήρυκες
805 2884 915 2973 ἀγαυοί

418 2995 506 3082 ὅρκια
517 2993 613 3060 πιστὰ
626 2995 702 3060 θεῶν
717 2996 846 3085 σύναγον
861 3000 930 3060 κτλ.
1037 3085 1039 3089 ¹

329 3143 396 3202 lam
411 3163 482 3203 vero
497 3164 562 3202 cum
577 3144 739 3203 viderimus
753 3151 935 3224 quantopere
950 3162 1112 3223 praecones
1126 3143 1285 3224 prudentia
1299 3165 1335 3204 ac

266 3253 430 3313 calliditate
459 3255 606 3328 valerent,
636 3253 794 3314 dicendum
824 3273 887 3313 esse
916 3252 1046 3328 videtur,
1077 3253 1183 3333 quibus
1208 3256 1335 3315 maxime

265 3362 436 3424 muneribus
450 3364 545 3424 functi
560 3366 619 3424 sint
634 3372 663 3423 et
683 3378 829 3444 quaenam
845 3365 876 3422 in
891 3365 936 3423 his
956 3365 1028 3445 ipsis
1050 3362 1220 3425 muneribus
1242 3364 1335 3425 admi-

265 3473 426 3534 nistrandis
459 3476 530 3534 iuris
563 3475 697 3553 gentium
726 3476 853 3552 vestigia
886 3476 1088 3554 apparuerint.
1147 3474 1336 3555 Quamquam

266 3594 364 3644 autern
379 3605 539 3664 praecones
562 3593 591 3645 et
612 3584 683 3646 belli
703 3593 732 3645 et
751 3585 833 3664 pacis
852 3586 1033 3665 temporibus
1054 3584 1225 3644 muneribus
1244 3587 1336 3645 variis

267 3695 361 3753 functi
385 3703 461 3768 suut,
486 3704 586 3756 tamen
608 3697 664 3755 hoc
686 3695 751 3754 loco
773 3694 886 3762 bellum
900 3703 930 3755 et
950 3715 1055 3774 pacem
1076 3716 1136 3754 non
1156 3695 1337 3754 secernenda

266 3825 328 3864 esse
344 3804 490 3878 videntur,
508 3813 663 3884 propterea
677 3805 757 3887 quod
783 3806 836 3866 illa
860 3825 983 3866 munera
998 3807 1046 3865 hic
1061 3815 1091 3865 et
1116 3806 1178 3865 illic
1202 3806 1280 3865 inter
1304 3824 1335 3864 se

267 3923 440 3993 congruunt.
485 3913 532 3974 Ac
550 3917 677 3994 primum
702 3916 822 3995 quidem
846 3915 925 3975 domi
950 3917 1131 3996 militiaeque
1155 3935 1334 3995 praeconum

266 4032 342 4097 erat,
362 4026 505 4103 populum
519 4026 568 4085 vel
587 4026 696 4085 milites
710 4027 740 4084 in
762 4028 932 4086 concionem
952 4047 1059 4087 vocare
1084 4038 1126 4071 -’
1152 4026 1189 4085 de
1207 4026 1335 4086 militum
