2994 4942
711 284 908 379 ,Λί-

276 492 343 528 eum
380 471 539 531 Thebanis·
568 492 652 530 arma
691 475 848 550 inferrent,
884 473 1023 553 Tydeum
1054 476 1196 534 nuncium
1228 474 1348 533 Thebas

275 584 425 642 miserunt.
468 583 516 643 Of.
534 577 561 640 Δ
577 583 640 640 384
989 640 992 647 .

429 690 486 753 ἔνθ’
506 683 571 752 αὖτ’
593 689 736 776 ἀγγελίην
753 693 801 752 ἔτι
818 682 905 762 Τυδῆ
918 694 1044 753 στεῖλαν
1056 690 1187 778 Ἀχαιοί.

340 828 422 903 Quin
452 830 541 888 etiam
567 826 756 886 manifestum
785 836 838 901 est,
862 828 1001 907 Tydeum
1028 851 1087 888 non
1113 828 1204 890 semel
1230 828 1281 888 sed
1303 827 1348 886 bis

275 947 354 999 certe
369 938 408 998 ad
418 938 577 998 Thebanos
592 938 713 995 missum
729 957 799 996 esse.
845 939 905 996 Hie
925 948 1025 998 autem
1040 940 1164 1019 Tydeus
1184 940 1217 998 in
1236 937 1348 997 medios

275 1049 372 1108 hostes
398 1069 460 1109 sese
487 1048 611 1106 eontulit
636 1066 671 1104 ao
696 1055 781 1106 tanta
806 1056 870 1106 erat
898 1048 990 1126 legati
1016 1052 1183 1122 auctoritas,
1209 1056 1243 1106 ut
1269 1050 1347 1126 ipsos

274 1160 380 1231 hostes,
408 1157 447 1218 ad
472 1178 544 1238 quoe
567 1158 672 1215 missus
698 1165 770 1231 erat,
794 1158 957 1236 impunitus
979 1159 1016 1218 ad
1043 1181 1175 1239 pugnam
1201 1167 1346 1218 evocaret.

278 1267 324 1328 Of.
342 1264 369 1327 Δ
386 1271 447 1329 385
464 1288 519 1347 sqq
708 1247 711 1252 ¹

431 1372 528 1461 αὐτὰρ
545 1375 560 1438 ὁ
579 1375 628 1456 βῆ,
642 1373 756 1448 πολέας
772 1366 807 1436 δὲ
821 1374 969 1461 κιχήσατο
988 1369 1187 1460 Καδμείωνας

428 1478 622 1571 δαινυμένοος
637 1480 720 1547 κατὰ
736 1477 828 1571 δῶμα
842 1487 906 1567 βίης
917 1486 1144 1561 Ἐτεοκληείης.

429 1595 485 1659 ἔνθ’
506 1584 578 1658 οὐδὲ
594 1591 687 1675 ξεῖνός
701 1616 756 1682 περ
773 1591 832 1658 ἐών
848 1597 1010 1669 ἱππηλάτα
1026 1588 1140 1671 Τυδεύς

426 1706 533 1791 τάρβει
548 1708 617 1770 κτλ

341 1854 401 1911 Ηίο
416 1855 488 1912 mihi
504 1835 612 1930 epponi
627 1861 732 1931 potest,
749 1851 856 1932 Tydeo
877 1853 998 1912 insidias
1019 1875 1037 1912 a
1059 1853 1211 1913 Thebanis
1231 1862 1349 1932 paratas

277 1983 350 2036 esse,
374 1965 485 2043 quippe
499 1965 550 2042 qui
573 1982 673 2021 omnes
696 1964 727 2021 in
750 1965 910 2022 certamine
932 1953 1136 2042 superavisset,
1159 1963 1284 2042 ideoque
1305 1965 1350 2022 ius

276 2074 409 2151 gentium
424 2074 514 2132 fuisse
530 2072 701 2150 negandum
716 2092 788 2132 esse.
823 2072 883 2132 Sed
898 2073 967 2133 vide
982 2073 1128 2152 quomodo
1139 2073 1209 2132 illae
1223 2072 1350 2132 insidiae

275 2192 397 2263 paratae
426 2185 507 2243 sint„
553 2183 659 2261 Neque
693 2183 772 2242 enim
802 2184 957 2262 quisquam
992 2184 1108 2242 illorum
1137 2182 1348 2243 Thebanorum

276 2296 412 2372 quamvis
428 2313 543 2352 summa
558 2295 601 2352 ira
617 2301 829 2352 commotorum
844 2295 875 2351 in
895 2295 960 2372 ipsa
981 2293 1053 2354 urbe
1074 2294 1208 2370 legatum
1230 2293 1348 2352 laedere

275 2424 363 2462 ausus
387 2412 432 2461 θεῖ
453 2403 505 2462 sed
526 2404 644 2462 demum
667 2405 726 2462 iam
742 2423 779 2463 ex
799 2403 871 2463 urbe
890 2424 1039 2481 egressum
1061 2406 1217 2482 petierunt.
1262 2402 1349 2477 Quod

274 2516 299 2571 si
319 2515 444 2592 quaeris,
467 2513 547 2572 unde
568 2514 805 2573 concludendum
829 2517 877 2587 sit,
902 2523 986 2574 extra
1011 2513 1113 2574 urbem
1136 2514 1203 2572 illas
1224 2513 1348 2572 insidias

276 2625 374 2696 fuisse,
392 2625 512 2683 afferam
528 2620 555 2683 Δ
572 2626 633 2683 3ν2

430 2727 472 2813 ἂψ
489 2731 531 2816 ἄρ’
553 2731 743 2817 ἀνερχομένῳ
757 2732 882 2794 πυκινὰν
896 2732 988 2817 λόχον
1004 2726 1086 2794 εἷσαν
1102 2731 1238 2818 ἄγοντες.

340 2869 377 2927 Ιιι
393 2871 457 2947 ipsa
472 2871 562 2947 igitur
578 2869 649 2928 urbe
664 2870 779 2947 legatus
794 2871 857 2930 iure
878 2871 1006 2950 quodam
1023 2869 1161 2929 defensus
1181 2878 1240 2930 est:
1267 2891 1348 2928 nam-

275 2999 333 3057 que
349 2981 406 3038 nisi
427 2980 520 3038 ullum
544 2981 590 3038 ius
613 2980 656 3038 illi
680 2989 751 3051 erat,
773 2980 843 3059 quid
867 2980 988 3040 tandem
1003 2979 1162 3040 Thebanos
1183 2979 1347 3058 impedivit,

276 3090 433 3167 quominus
448 3091 531 3148 illum
555 3111 646 3148 unum
670 3091 819 3150 hominem
842 3092 941 3149 atatim
964 3099 1113 3169 peterent:
1143 3088 1194 3149 sed
1216 3090 1348 3167 legatum

278 3199 465 3258 vembantur.
522 3184 660 3260 Ceterum
686 3209 823 3279 apparet,
849 3203 906 3279 ipsi
931 3186 1036 3279 Tydeo
1062 3221 1206 3259 summam
1231 3201 1349 3278 culpam

276 3308 463 3368 tribuendam
488 3331 565 3382 esse,
587 3312 725 3389 quoniam
748 3313 867 3369 omniuo
887 3311 986 3387 legato
1005 3311 1043 3368 ad
1064 3312 1162 3370 hostes
1181 3303 1269 3368 ιιιίεεο
1289 3331 1349 3368 non

276 3418 352 3485 lieet,
370 3420 435 3478 illus
451 3422 547 3481 hostes
568 3421 705 3499 superbia
726 3421 847 3479 irritare.
893 3419 982 3479 Adde
1006 3420 1085 3500 quod
1101 3422 1156 3480 hae
1178 3420 1215 3479 de
1234 3441 1266 3480 re
1289 3422 1348 3478 iam

277 3529 395 3589 heroica
410 3533 473 3609 ipsa
485 3540 581 3590 aetate
597 3532 675 3591 idem
690 3531 831 3589 iudicium
847 3532 937 3590 fuisse
949 3530 1074 3590 videtur.
1117 3531 1256 3590 Minerva'
1269 3531 1347 3590 enim

279 3633 304 3695 b]
323 3642 383 3697 8(ιὸ
403 3661 456 3719 aqq
472 3642 542 3700 dicit

513 3768 653 3855 (Ἰύδεὺς)
670 3775 724 3838 ὅτε
738 3776 763 3836 τ’
784 3774 876 3846 ἤλυθε
891 3776 992 3859 νόσφιν
1004 3772 1140 3859 Ἀχαιῶν

431 3883 561 3970 ἄγγελος
579 3890 607 3958 ἐς
623 3886 741 3965 Θήβας,
756 3884 868 3958 πολέας
884 3881 964 3970 μετὰ
980 3877 1189 3970 Καδμείωνας.

430 3985 585 4057 δαίνυσθαί
601 4019 650 4079 μιν
667 3996 785 4081 ἄνωγον
803 3995 846 4058 ἐνὶ
862 3994 1035 4081 μεγάροισιν
1051 3993 1170 4067 ἕκηλον·
