2994 4942
723 335 764 398 59

361 521 471 583 τόσσον
488 521 549 609 ἐγώ
565 543 640 608 φημι
654 525 750 594 πλέας
766 525 892 606 ἔμμεναι
908 515 971 594 υἷας
984 519 1119 608 Ἀχαιῶν

361 629 483 717 Τρώων,
500 637 529 693 οἲ
542 632 657 695 ναίουσι
672 631 756 695 κατὰ
774 632 894 711 πτόλιν,
910 631 977 693 ἀλλ’
998 631 1148 716 ἐπίκουροι

361 744 502 804 πολλέων
518 744 552 805 ἐκ
567 743 683 805 πολίων
699 744 885 828 ἐγχέσπαλοι
902 735 1004 826 ἄνδρες
1020 745 1111 825 ἔασιν,

362 853 392 914 οἵ
403 873 440 938 με
450 846 537 939 Ιμέγα
552 845 699 928 πλάζουσι
714 854 767 915 καὶ
782 856 837 915 οὐκ
852 851 928 915 εἰῶσ
949 851 1095 914 ἐθέλοντα

357 961 453 1025 ’ίλίου
471 965 614 1049 ἐκπέρσαι
628 964 819 1051 εόναιόμενον
834 960 1018 1049 πτολίεθρον.

274 1074 368 1133 Vides
382 1076 481 1152 igitur,
497 1075 754 1153 Agamemnonem
769 1096 885 1156 quoque
900 1094 1028 1149 censere,
1040 1075 1183 1133 Troianos
1195 1074 1279 1133 sociis

210 1205 269 1244 non
289 1183 500 1244 adiuvantibus
521 1186 623 1246 urbem
645 1195 712 1245 tam·
725 1186 778 1244 diu
801 1187 927 1244 retinere
949 1206 1009 1244 non
1030 1186 1167 1265 potuisse.
1214 1184 1280 1258 Quo

208 1295 392 1367 factumest,
416 1304 447 1354 ut
461 1297 657 1355 Troianorum
677 1297 746 1354 socii
766 1297 823 1375 ipsi
842 1316 1004 1374 numquam
1024 1294 1276 1367 obliviscerentur,

209 1404 282 1483 quid
312 1404 368 1464 sibi
393 1406 515 1464 Troiani
547 1406 701 1466 deberent:
740 1406 784 1464 illi
816 1407 894 1464 enim
924 1426 976 1464 suo
1003 1408 1067 1465 iure
1094 1425 1113 1463 a
1141 1405 1279 1463 Troianis

210 1515 446 1595 postulaverunt,
488 1525 522 1574 ut
558 1518 670 1576 auxilio
702 1518 846 1576 venirent.
906 1515 997 1575 Cuius
1034 1516 1077 1574 rei
1111 1515 1280 1593 exemplum

211 1626 234 1684 si
250 1626 334 1704 petis,
356 1625 539 1685 afferendum
555 1635 607 1700 est,
628 1627 774 1686 Glaucum
796 1626 967 1705 Sarpedone
988 1628 1083 1685 occiso
1098 1625 1135 1684 ab
1151 1626 1281 1684 Hectore

210 1736 344 1813 petiisse,
374 1744 407 1794 ut
433 1736 470 1795 ad
495 1758 600 1815 eorpus
621 1737 801 1815 Sarpedonis
824 1735 1001 1795 servandum
1027 1737 1137 1794 auxilio
1157 1736 1278 1794 veniret.

211 1845 258 1904 Of.
274 1841 304 1904 ll
323 1847 385 1905 538
400 1867 454 1925 sqq

360 1951 478 2038 Ἕκτορ
495 1959 546 2014 νῦν
563 1945 600 2022 θη
617 1955 718 2040 παῗγχυ
733 1957 920 2040 λελασμένος
934 1950 973 2027 εἷς
988 1953 1162 2038 ἐπικούρων,

366 2068 395 2124 οἲ
408 2061 493 2125 σέθεν
510 2063 608 2125 είνεκα
622 2068 701 2134 τῆλε
716 2063 810 2149 φίλων
827 2065 878 2125 καὶ
893 2055 1038 2150 πατρίδος
1054 2067 1118 2137 α’ίης

364 2171 457 2258 θυμὸν
472 2172 711 2260 οἰπορθινόθουσι·
728 2175 763 2236 σὺ
780 2169 804 2235 θ’
825 2179 880 2236 οὐκ
896 2172 1005 2247 ἐθέλεις
1020 2172 1189 2258 ἐπαμύνειν.

364 2293 464 2346 κεῖται
480 2277 654 2368 Σαρπηδών
670 2287 739 2347 κτλ.

275 2429 462 2508 Quamquam
475 2430 696 2489 eoncedendum
708 2440 759 2501 est,
776 2430 978 2509 Sarpedonem
993 2432 1024 2488 in
1041 2431 1142 2508 primis
1157 2428 1280 2487 ducibus

212 2563 231 2601 a
244 2541 440 2599 Troianorum
456 2540 588 2618 partibus
603 2541 748 2599 stantibus
764 2541 979 2600 numerandum
1001 2560 1072 2600 esso.
1118 2541 1178 2597 llio
1202 2541 1280 2598 enim

211 2652 258 2711 vir
273 2651 369 2729 (prolis
384 2651 473 2708 fuerit
489 2651 562 2709 liaeo
576 2651 667 2709 verba
682 2660 828 2711 testantur
847 2671 923 2730 quae
948 2648 975 2710 ίί
994 2653 1055 2710 548
1073 2671 1125 2730 sqq
1141 2652 1281 2727 leguntur

494 2781 601 2867 Τρῶας
616 2777 651 2845 δὲ
666 2784 749 2846 κατα
765 2782 869 2869 κρῆθεν
884 2785 961 2864 λάβε
975 2783 1079 2856 πένθος

366 2891 505 2980 ἄσχετον,
522 2897 577 2956 οὐκ
592 2895 751 2972 ἐπιεικτόν,
768 2893 832 2956 ἐπεί
847 2916 944 2979 σρισιν
960 2894 1036 2981 ἕρμα
1052 2895 1165 2967 πόληος

365 3007 435 3066 ἔσκε
450 3005 502 3065 καὶ
517 2998 695 3078 ἀλλοδαπός
710 3027 763 3090 περ
780 3005 854 3066 ἐών·
870 3007 977 3078 πολέες
991 3005 1049 3090 γαρ
1067 3004 1115 3091 ἅμ’
1137 3009 1223 3085 αὐτῷ

363 3114 434 3176 λαοὶ
449 3114 564 3198 ἕποντ’,
580 3117 612 3178 ἐν
628 3106 653 3175 θ’
674 3115 766 3188 αὐτὸς
781 3114 973 3200 ἀριστεόεσκε
988 3114 1142 3200 μάχεσθαι.

276 3251 378 3326 Quid?
398 3254 534 3331 potuitne
554 3253 719 3332 Sarpedoni
739 3254 831 3311 maior
853 3254 946 3311 honor
960 3252 1051 3310 tribui
1066 3274 1155 3331 quam
1171 3255 1220 3332 qui
1236 3254 1281 3312 his

211 3363 346 3423 versibus
367 3362 528 3422 tribuitur?
572 3362 693 3437 Quanta
715 3361 895 3435 fortitudine,
919 3385 976 3442 quo
996 3364 1094 3421 animo
1110 3364 1282 3441 peregrinus

211 3472 262 3532 ille
277 3473 367 3532 fuisse
381 3473 512 3544 videtur,
535 3475 585 3552 qui
605 3469 681 3558 ἕρμα
704 3471 818 3543 πόληος
832 3473 1055 3552 appellabatur!
1099 3472 1189 3531 Adde
1203 3472 1282 3551 quod

212 3581 345 3655 Glaucus
362 3579 385 3641 Ι)
403 3584 464 3642 150
479 3604 533 3662 sqq
549 3583 585 3642 de
600 3583 702 3643 eodem
721 3583 892 3661 Sarpedone
907 3584 980 3642 haeo
996 3582 1081 3642 dicit:

494 3717 559 3779 ἐπεὶ
575 3708 746 3801 Σαρπηδόν’
767 3715 832 3799 ἅμα
847 3707 943 3788 ξεῖνον
960 3717 1012 3777 καὶ
1027 3719 1146 3800 ἑταῖρον

365 3826 511 3899 κάλλιπες
522 3825 703 3912 Ἀργείοισιν
720 3826 798 3911 ἕλωρ
816 3826 867 3888 καὶ
883 3826 982 3910 κόρμα
996 3826 1142 3912 γενέσθαι,

366 3935 397 4008 ὃς
413 3958 462 3997 τοι
477 3935 564 3998 πόλλ’
585 3936 693 4022 όρελος
707 3942 823 4021 γένετο,
839 3937 951 3999 πτόλεί
961 3958 996 3998 τε
1012 3938 1063 3998 καὶ
1079 3940 1164 4017 αὐτῷ

365 4038 441 4120 ζωός
457 4047 521 4108 tois
