2994 4942
721 311 761 374 57

639 399 843 408 -——-—

209 500 279 559 dum
304 509 418 559 coactos
444 521 507 560 csse
529 500 654 579 ideoque
676 499 911 576 Agamemnonis
935 500 1027 557 socios
1053 519 1107 558 nec
1134 498 1279 558 subiectos

208 610 307 670 fuisse.
337 609 427 669 Adde
441 609 520 689 quod
535 630 612 668 unus
627 610 751 688 quisque
767 609 828 667 (lux
843 641 886 650 -
901 607 1044 667 militibus
1059 608 1119 667 tale
1131 608 1204 687 quid
1219 629 1279 667 non

208 740 378 780 conoessum
403 719 493 778 fuisse
520 728 750 778 consentaneum
776 726 821 778 est
845 752 888 761 -
913 721 960 776 ius
987 726 1224 799 potestatemque
1249 720 1281 777 in

209 830 312 888 castris
326 828 467 889 manendi
483 837 534 888 aut
550 837 712 888 castrorum
724 827 953 888 deserendorum
965 828 1078 887 habuit.
1108 829 1157 887 Ita
1169 829 1281 887 factum

209 938 540 1012 est,utAcl1illeeoum
559 938 597 996 ab
615 938 837 1014 Agamemnone
857 937 954 998 laesus
974 946 1062 1012 esset,
1083 941 1279 1014 minitaretur,

210 1070 241 1108 se
257 1070 317 1108 non
332 1049 426 1107 solum
442 1050 536 1127 ipsum
553 1048 672 1106 domum
687 1068 750 1108 esse
765 1048 937 1123 rediturum,
953 1048 989 1107 cf.
1007 1047 1024 1106 I
1040 1050 1102 1108 356
1119 1069 1174 1130 sqq

362 1163 414 1218 νῦν
431 1145 470 1230 δ’,
486 1157 552 1218 ἐπεὶ
568 1159 622 1219 οὐκ
641 1156 734 1218 ἐθέλω
750 1148 951 1243 πολεμιζέμεν
963 1154 1094 1241 Ἕκτορι
1109 1150 1173 1240 δίῳ,

363 1267 465 1354 αὔριον
481 1266 529 1352 ἱροὶ
544 1264 594 1327 Διὶ
609 1259 694 1356 ρ’έξας
709 1267 850 1329 καὶπὲῖσι
864 1265 981 1344 θεοῖσιν,

363 1375 477 1450 νηιίσας
491 1370 524 1439 εὖ
540 1385 621 1454 νῆας,
638 1376 713 1446 ἐπὴν
730 1369 827 1440 ἅλαδε
841 1376 1023 1461 προερύσσω.

210 1489 260 1549 aed
287 1490 377 1549 etiam
401 1489 476 1548 alios
490 1488 715 1548 adhortatumm
738 1511 814 1566 esse,
840 1497 873 1549 ut
895 1498 991 1548 castra
1014 1488 1182 1549 desererent
1206 1489 1241 1548 cf.
1264 1489 1280 1546 I

210 1601 272 1658 416
289 1620 323 1679 sq

203 1690 206 1695 Ι
363 1698 456 1769 καὶδ
478 1702 514 1768 ἂν
530 1716 594 1779 τοῖς
609 1706 746 1770 ἄλλοισιν
764 1704 825 1794 ἐγὼ
841 1706 1114 1792 παραμυθησαίμην

363 1806 460 1879 οἴκαδ’
479 1816 663 1896 ἀποπλείειν,
678 1817 743 1880 ἐπεὶ
758 1821 860 1880 οὐκέτι
875 1810 961 1887 δηετι
975 1821 1108 1902 τέκμωρ.

274 1929 389 2004 Quibus
405 1928 501 1988 verbis
516 1929 674 1989 adicienda
689 1938 766 2001 sunt,
782 1950 857 2009 quae
874 1927 898 1989 B
915 1931 975 1988 357
992 1950 1046 2011 sqq
1060 1931 1200 2007 leguntur

364 2043 390 2099 εἰ
405 2029 440 2100 δέ
455 2061 501 2110 τις
516 2038 678 2123 ἐκπάγλως
693 2037 788 2100 ἐθέλει
804 2029 921 2100 οἶκόνδε
936 2036 1061 2115 νέεσθαι,

365 2146 508 2210 ἁπτέσθω
524 2137 558 2220 ἧς
574 2148 642 2221 νηδς
656 2149 834 2233 ἐυσσέλμοιο
850 2147 1000 2234 μελαίνης,

364 2256 442 2343 lippa
457 2256 556 2341 πρόσθ’
577 2256 681 2319 ἄλλων
697 2257 827 2320 θάνατον
843 2259 895 2320 καὶ
910 2259 1028 2343 πότμον
1044 2257 1167 2339 ἐπίσπη.

275 2369 383 2429 Ulixes
406 2379 506 2428 autem
528 2390 595 2427 oum
622 2390 722 2429 omnes
749 2371 857 2430 Graeci
881 2371 1106 2447 Agamemnone
1128 2370 1283 2429 adhortata

212 2481 311 2538 statim
335 2480 438 2556 fugam
461 2489 661 2560 capesserent,
687 2481 794 2539 milites
821 2483 910 2540 variis
933 2481 1026 2540 modis
1048 2478 1086 2539 acl
1112 2480 1283 2537 concionem

212 2598 402 2648 revocaturus
417 2599 488 2648 erat.
533 2591 612 2650 Sane
627 2590 747 2669 quidem
762 2574 992 2650 consentaneum
1007 2598 1064 2662 est,
1093 2590 1209 2649 Ulixem
1224 2589 1283 2646 alio

163 2697 168 2705 ⁴
213 2700 299 2758 niodo
316 2701 471 2779 principes,
487 2701 546 2759 alio
561 2701 648 2759 modo
665 2702 772 2760 milites
783 2702 934 2778 gregarios
944 2702 1133 2759 tractavisse:
1150 2698 1201 2757 sed
1214 2697 1283 2757 vide

212 2810 358 2889 quomodo
372 2811 428 2869 hoo
443 2811 554 2870 fecerit.
585 2813 740 2890 Principes
756 2813 833 2870 enim
846 2810 986 2870 suavibus
998 2811 1095 2869 verbis
1111 2810 1283 2868 adhortatus

213 2931 265 2993 cst,
283 2930 316 2980 ut
331 2929 499 2980 manerent:
516 2922 552 2979 of.
571 2917 596 2980 B
614 2926 673 2982 188
690 2943 724 3001 sq

365 3029 483 3091 ὅντινα
498 3027 554 3113 μὲν
571 3033 703 3110 βασιλῆα
718 3029 770 3091 καὶ
786 3026 889 3115 ἔξοχον
906 3019 1002 3115 ἄνδρα
1018 3027 1122 3114 κιχείη,

364 3139 418 3202 πθν
435 3127 460 3201 δ’
466 3142 590 3226 ἀγανοῖς
604 3141 740 3202 ἐπέεσσιν
756 3140 944 3224 ἐρητύσασκε
958 3139 1117 3223 παραστάς

213 3253 322 3313 milites
337 3261 436 3312 autem
452 3252 603 3328 gregarios
618 3252 788 3312 verberibus
810 3253 927 3333 impulit

366 3361 399 3423 ὂν
416 3354 442 3422 δ’
462 3355 500 3421 αθ
517 3351 618 3445 διίμου
634 3361 659 3422 τ’
677 3353 772 3447 ἄνδρα
788 3353 845 3423 ἰ’δοι
861 3360 1002 3443 βοόωντά
1016 3360 1043 3421 τ’
1063 3358 1188 3445 ἐφεύροι,

365 3471 418 3533 τδν
435 3471 580 3556 σκήπτρῳ
595 3472 771 3549 ἐλάσασκεν,
788 3470 1001 3557 ὁμοκλήσασκέ
1017 3492 1052 3533 τε
1068 3466 1160 3554 μύθῳ.

278 3584 342 3641 llos
356 3592 456 3642 autam
471 3586 620 3663 principes
636 3583 674 3641 ab
691 3585 780 3643 Ulixe
795 3593 924 3642 retentos
939 3605 998 3643 non
1018 3584 1084 3641 illos
1105 3601 1211 3640 novem
1232 3581 1282 3658 qni

213 3693 354 3771 βασιλῆες
369 3694 513 3772 appellari
528 3693 675 3767 solebant,
698 3694 787 3752 fuisse
811 3714 848 3752 ex
870 3713 904 3752 eo
924 3694 1031 3766 cliroet,
1056 3691 1133 3772 quod
1158 3712 1223 3749 cum
1248 3691 1283 3747 iis

213 3804 400 3882 Agamemno
416 3805 571 3863 consilium
592 3824 676 3861 suurn
696 3804 753 3861 iam
776 3804 1044 3861 communicaverat
1066 3804 1102 3860 cf.
1122 3797 1146 3859 ll
1162 3802 1203 3858 54
1218 3819 1280 3878 sqq.

214 3915 459 3974 Luculentissimc
475 3934 544 3972 vero
559 3914 703 3972 sociorum
719 3913 852 3971 condicio
867 3913 962 3992 qualis
982 3913 1071 3970 fuerit
1094 3913 1124 3969 iu
1140 3931 1174 3968 co
1189 3910 1282 3968 cerni-

214 4034 270 4098 tur,
287 4024 365 4103 qnod
380 4025 502 4084 'l'roiani
517 4024 602 4082 sociis
617 4024 676 4082 suis
691 4021 779 4081 valde
795 4022 988 4084 indulserunt.
1023 4021 1070 4080 Ac
1085 4022 1203 4079 Furiam
1219 4021 1281 4099 qui·
