3000 4914
687 242 880 392 ος

244 508 302 566 quo
317 486 434 565 excepti
448 494 542 560 erant,
557 484 665 565 ubique
680 487 904 566 pervulgarunt.
935 486 1023 561 Quod
1036 486 1203 564 Penelopae
1215 484 1316 559 verba,

244 617 321 677 quae
335 619 357 655 τ
372 598 433 656 333
449 616 484 676 sq
497 597 640 673 leguntur
655 597 733 656 clare
749 606 838 676 atque
854 596 1007 656 evidenter
1022 604 1171 656 testantur

396 708 453 766 τοῦ
469 702 524 789 μέν
539 726 576 766 τε
590 702 679 777 κλέος
694 701 762 790 εὐρὺ
779 697 830 767 διά
847 701 936 784 ξεῖνοι
951 703 1105 791 φορέουσιν

396 814 512 888 πάντας
527 817 574 878 ἐπ’
590 814 772 900 ἀνθρώπους,
787 816 897 877 πολλοί
913 813 949 877 τέ
964 837 1014 899 μιν
1030 811 1134 876 ἐσθλὸν
1151 817 1259 876 ἔειπον.

307 927 373 988 Nec
388 935 488 987 tamen
504 927 586 987 deest
603 928 685 987 locus
699 928 877 1001 homericus,
901 947 959 1007 quo
981 926 1134 1006 probetur,
1158 925 1318 1005 hospitium

244 1058 361 1118 quoque
376 1059 395 1098 a
416 1038 538 1098 nefariis
557 1036 725 1098 hominibus
746 1037 816 1098 deos
838 1058 1029 1117 mensamque
1049 1038 1225 1116 hospitalem
1244 1037 1318 1095 nihil

246 1147 449 1209 reverentibus
461 1149 604 1208 violatum
616 1169 687 1209 esse.
712 1149 869 1228 Leguntur
881 1150 959 1208 enim
971 1151 1039 1232 φ27
1053 1169 1107 1228 sqq
1122 1148 1196 1207 haec
1212 1145 1318 1206 verba:

397 1255 429 1329 ὅς
444 1281 493 1343 μιν
510 1253 605 1336 ξεῖνον
621 1258 715 1320 ἐόντα
729 1255 918 1320 κατέκτανεν
931 1279 956 1317 ω
972 1257 1015 1319 ἐνὶ
1030 1258 1113 1337 οἴκῳ,

397 1365 543 1451 σχέτλιος,
559 1360 630 1429 οὐδὲ
645 1367 720 1430 θεῶν
736 1367 803 1430 ὄπιν
819 1356 961 1449 ᾐδέσατ’,
977 1359 1047 1429 οὐδὲ
1061 1357 1226 1451 τράπεζαν,

397 1476 455 1546 τλν
471 1469 508 1547 δή
526 1483 554 1539 οἱ
568 1477 743 1563 παρέθηκεν·

313 1587 373 1648 Sed
388 1597 421 1648 ut
434 1590 512 1649 hanc
528 1590 565 1651 de
580 1592 706 1671 hospitio
721 1592 869 1651 homerico
883 1591 1085 1669 quaestionem
1100 1589 1241 1649 adfinem
1255 1607 1320 1668 per·

245 1697 397 1774 ducamus,
411 1720 509 1779 pauca
523 1701 612 1762 liceat
626 1701 745 1761 addere.
789 1701 894 1760 Restat
908 1701 996 1774 enim,
1017 1708 1050 1758 ut
1064 1699 1226 1773 videamus,
1248 1697 1321 1778 quid

246 1829 284 1870 ex
299 1809 397 1871 verbis
412 1810 450 1869 ad
465 1809 691 1872 describendum
712 1811 831 1889 hospitii
849 1829 961 1869 morem
979 1811 1128 1888 usurpatis
1144 1807 1320 1868 concluden-

246 1919 318 1979 dum
333 1922 378 1979 sit.
423 1921 466 1980 Et
481 1940 519 1981 ex
534 1940 568 1980 eo
583 1920 703 2001 quidem
718 1919 798 2000 quod
813 1915 908 1998 ξεῖνος
922 1919 1009 1979 modo
1030 1940 1097 1980 eum
1119 1921 1170 1998 qui
1190 1919 1320 1998 peregri·

245 2051 319 2089 num
334 2032 445 2110 exeipit
459 2030 546 2090 modo
560 2032 749 2111 peregrinum
766 2031 815 2110 qui
837 2030 984 2109 excipitur
1007 2029 1162 2107 significat,
1184 2028 1321 2088 concludi

246 2142 323 2201 nihil
336 2160 422 2221 posse
437 2141 626 2200 manifestum
641 2150 693 2202 est.
735 2140 827 2200 (iuius
849 2141 892 2201 rei
914 2139 1053 2218 exempla
1073 2139 1196 2198 afferam
1218 2138 1319 2210 verba,

245 2248 352 2332 quaed
371 2254 431 2310 153
448 2271 502 2330 sqq
517 2252 723 2325 inveniuntur,
747 2250 798 2309 ubi
819 2249 971 2330 Euryalus
992 2250 1114 2309 Phaeax
1136 2249 1257 2308 Ulixem
1272 2249 1319 2307 his

246 2361 345 2423 verbis
360 2362 522 2441 alloquitur
1328 2337 1329 2342 ί

400 2470 434 2531 οὐ
449 2468 505 2556 γάρ
522 2467 545 2530 σ’
566 2460 647 2548 οὐδέ,
664 2465 772 2548 ξεῖνε,
788 2459 918 2553 δαίμονι
930 2468 1010 2554 φωτὶ
1025 2468 1115 2530 ἐίσκω

246 2584 292 2643 cui
307 2583 414 2643 Ulixes
429 2576 445 2641 θ
463 2580 523 2642 163
540 2580 614 2641 haee
629 2580 789 2660 respondet

399 2688 500 2772 ξεῖν’,
516 2688 551 2751 οὐ
567 2684 663 2752 καλὸν
680 2692 785 2762 ἔειπες·

312 2803 373 2864 Sed
388 2803 457 2863 inde
473 2801 588 2881 aliquid
600 2801 801 2879 colligendum
813 2821 875 2862 esse
886 2802 959 2861 mihi
970 2800 1098 2876 videtur,
1113 2799 1193 2880 quod
1208 2789 1321 2877 ξεινίζω

249 2920 278 2972 et
293 2911 386 2997 φιλέω
402 2913 493 2973 verba
508 2912 613 2972 eodem
628 2932 721 2971 sensu
731 2921 920 2992 usurpantur.
954 2911 1046 2971 Cuius
1060 2931 1130 2970 usus
1145 2917 1189 2969 tot
1204 2919 1322 2969 exstant

248 3023 401 3102 exempla,
422 3032 455 3083 nt
470 3023 552 3082 facili
568 3024 688 3099 negotio
704 3024 856 3103 aptissima
871 3023 941 3100 eligi
956 3021 1076 3101 possint.
1122 3021 1199 3080 Fere
1219 3019 1323 3079 eadem

249 3140 319 3190 sunt
334 3131 434 3208 verba,
451 3152 528 3213 quae
542 3128 568 3191 Γ
584 3135 645 3193 232
662 3153 697 3212 sq
710 3133 864 3210 leguntur:

398 3242 531 3304 πολλάκι
546 3264 596 3326 μιν
612 3231 753 3314 ξείνισσεν
769 3241 924 3327 άρηίφιλος
940 3236 1100 3311 Μενέλαος

401 3353 474 3433 οἴκῳ
489 3353 521 3414 ἐν
536 3350 683 3436 ἡμετέρῳ,
699 3349 794 3412 ὁπότε
809 3347 967 3436 Κρήτηθεν
982 3350 1079 3412 ἵκοιτο

251 3470 341 3541 atque
354 3462 446 3522 verba
460 3459 487 3522 Z
504 3465 541 3522 15
559 3465 669 3543 scripta

401 3570 518 3644 πάντας
532 3567 591 3658 γὰρ
608 3570 763 3656 φιλέεσκεν
779 3559 842 3652 ὀδῷ
856 3573 904 3633 ἔπι
922 3570 1003 3633 οἰκία
1017 3568 1119 3633 ναίων.

314 3678 427 3753 Quodsi
449 3684 515 3760 quis
536 3683 624 3762 plura
646 3684 732 3741 huius
755 3684 844 3742 moris
866 3683 1003 3763 exempla
1024 3682 1169 3761 postulat,
1192 3680 1325 3739 conferat
1375 3746 1377 3750 ,

251 3785 276 3847 Γ
292 3791 362 3862 207,
386 3784 415 3847 N
431 3791 501 3863 σοι,
525 3812 545 3850 α
562 3795 632 3867 123,
649 3783 668 3852 λ
683 3795 733 3869 29,
748 3812 767 3861 η
784 3794 834 3867 33,
859 3789 941 3869 342,
964 3793 1074 3875 μ4σο,
1096 3813 1111 3850 ν
1129 3792 1199 3866 206,
1221 3777 1324 3864 2123,

253 3901 324 3971 322,
346 3899 449 3970 0201,
473 3902 544 3973 231,
570 3903 642 3975 σοι,
659 3904 730 3977 543,
754 3903 835 3987 pse,
853 3905 923 3977 111,
946 3925 968 3961 τ
984 3903 1055 3976 135,
1078 3922 1102 3961 ω
1119 3903 1190 3960 272.
1235 3900 1326 3961 Unde

253 4006 364 4064 factum
384 4014 442 4080 est,
465 4016 497 4065 ut
517 4007 641 4092 φιλότης
661 4010 766 4072 eadem
791 4013 1008 4090 significatione
1031 4019 1222 4090 usurparetur
1237 4019 1325 4089 atque
