2994 4942
758 353 800 418 28

699 442 881 449 -,.-.--

242 552 363 602 taneum
380 552 431 603 est.
477 543 562 617 Quae
578 565 643 601 cum
661 546 701 600 ita
717 546 783 616 sint,
799 542 970 619 negandum
991 552 1048 614 eat,
1064 543 1184 601 Ulixem
1206 552 1315 603 temere

241 653 388 712 Ciconum
404 652 508 713 urbem
524 655 643 732 cepisse.

308 764 509 823 Transeamus
534 764 592 821 iam
618 763 662 821 ad·
683 762 806 822 alteram
828 772 941 842 partem
967 762 1173 842 disputationis
1193 763 1230 822 de
1252 764 1315 823 iure

242 874 376 949 gentium
403 874 549 932 homerico
575 874 729 931 institutae
751 893 786 931 ac
809 872 846 931 de
870 874 1004 949 vestigiis
1029 893 1162 948 agamur,
1186 893 1262 952 quae
1284 875 1315 931 in

242 981 321 1041 bello
346 992 515 1044 cernuntur.
566 983 613 1041 Ao
633 984 760 1060 primum
781 982 899 1061 quidem
925 1003 1101 1061 quaeramus
1121 1001 1240 1042 necesso
1261 992 1313 1056 est,

240 1112 387 1170 quaenam
417 1094 536 1152 omnino
562 1101 659 1152 aetate
687 1092 836 1151 homerica
866 1112 972 1151 causae
1001 1093 1126 1164 fuerint,
1156 1113 1207 1151 cur
1236 1093 1315 1152 bella

241 1210 401 1261 orerentur.
445 1191 582 1280 Apparet
596 1211 703 1275 autem,
721 1203 779 1260 illis
795 1202 975 1282 temporibus
994 1203 1121 1281 plurima
1137 1203 1216 1262 bella
1230 1212 1315 1279 gesta

242 1290 313 1384 esse,
329 1320 486 1390 propterea
501 1311 580 1391 quod
595 1332 703 1390 pecora
717 1323 769 1371 aut
783 1315 839 1391 ipsi
854 1312 987 1371 homines
1000 1312 1201 1390 rapiebantur.
1240 1314 1264 1371 J
1266 1334 1313 1370 am

241 1421 435 1501 Thucydides
455 1421 519 1479 loco
534 1422 586 1479 illo
601 1423 803 1500 praefationis,
823 1425 905 1480 cuius
920 1442 1007 1501 saepe
1027 1424 1086 1480 iam
1108 1424 1219 1482 mentio
1233 1423 1315 1481 facta

241 1541 294 1600 est,
310 1533 384 1590 baec
398 1531 488 1591 verba
503 1531 592 1591 habet
608 1530 650 1608 (1,
663 1532 709 1608 bi:
726 1535 752 1591 οί
767 1530 826 1617 γάρ
837 1528 989 1601 Ἕλληνες
1003 1533 1041 1590 τὸ
1058 1528 1164 1608 πάλαι,
1180 1530 1311 1592 καὶτῶν

241 1639 400 1726 βαρβάρων
410 1639 439 1700 υί
448 1660 482 1701 τε
495 1642 526 1702 έν
535 1644 576 1722 τῇ
588 1639 701 1721 ἠπείρῳ
711 1636 952 1725 παραθαλάσσιοι
963 1640 1015 1702 καὶ
1027 1639 1092 1702 ὅσοι
1104 1642 1211 1712 νήσους
1223 1637 1312 1725 εἶχον,
1398 1670 1400 1673 ·

241 1742 345 1817 έπειδή
361 1747 492 1836 ήρξαντο
509 1752 627 1836 μᾶλλον
645 1749 838 1834 περαιοῦσθαι
850 1750 952 1812 ναυσὶν
972 1751 1017 1813 ἐπ’
1041 1750 1204 1827 ἀλλήλους,
1224 1749 1313 1836 ἐτρά-

241 1884 338 1924 ποντο
353 1857 425 1947 πρὸς
439 1861 594 1937 ληστείαν,
609 1859 788 1946 ἡγουμένων
805 1849 922 1945 ἀνδρῶν
938 1860 973 1922 οὐ
985 1866 1048 1922 τῶν
1060 1855 1313 1922 ἀδυνατωτάτων

241 1963 364 2056 κέρδους
379 1977 435 2033 τοῦ
448 1969 593 2054 σφετέρου
606 1970 710 2031 αὐτῶν
725 1969 816 2032 ἕνεκα
830 1970 961 2043 καὶτοῖς
976 1969 1111 2033 ἀσθενέσι
1126 1976 1247 2056 τροφῆς,
1262 1973 1313 2034 καὶ

240 2081 480 2165 προσπίπτοντες
499 2080 622 2144 πόλεσιν
645 2079 825 2165 ἀτειχίστοις
839 2080 892 2142 καὶ
907 2079 989 2142 κατά
1004 2079 1111 2167 κώμας
1127 2082 1315 2167 οἰκουμέναις

239 2183 373 2276 ἥρπαζον
401 2192 453 2253 καὶ
479 2188 534 2253 τὸν
562 2193 706 2253 πλεῖστον
733 2195 791 2252 τοῦ
815 2189 880 2271 βίου
902 2187 1040 2253 ἐντεῦθεν
1063 2195 1235 2267 ἐποιοῦντο,
1260 2190 1316 2253 οὐκ

242 2303 364 2387 ἔχοντός
379 2324 426 2363 πω
442 2300 584 2385 αἰσχύνην
600 2301 714 2362 τούτου
729 2303 784 2363 τοῦ
801 2306 899 2387 ἔργου,
914 2300 1057 2386 φέροντος
1072 2295 1106 2365 δέ
1117 2326 1149 2364 τι
1161 2303 1213 2364 καὶ
1225 2294 1315 2374 δόξης

242 2414 370 2497 μᾶλλον.
408 2413 493 2486 Quae
508 2413 627 2492 quidem
643 2411 735 2472 verba
748 2412 936 2492 Thucydidis
951 2434 1040 2492 quam
1055 2434 1127 2473 vera
1142 2416 1202 2472 sint
1216 2434 1314 2472 meum

242 2525 297 2582 erit
313 2524 521 2583 demonstrare.
568 2524 608 2582 Ut
623 2522 661 2581 ab
676 2524 712 2580 iis
727 2524 799 2581 locis
814 2525 963 2600 incipiam,
986 2523 1091 2604 quibus
1106 2544 1213 2603 pecora
1229 2531 1315 2603 rapta

242 2653 305 2692 esse
320 2633 566 2707 demonstrantur,
589 2633 717 2691 Achillis
734 2632 826 2692 verba
845 2634 941 2712 prima
960 2633 1113 2693 afferenda
1132 2643 1215 2705 sunt,
1238 2652 1315 2713 quae

243 2739 268 2802 Α
288 2745 346 2802 152
363 2765 417 2823 sqq
432 2746 585 2822 leguntur:

394 2852 428 2914 οὐ
444 2851 502 2937 χάρ
519 2847 581 2937 ἐγώ
598 2849 712 2935 Τρώων
729 2849 802 2913 ἕνεκ’
822 2850 933 2923 ἤλυθον
950 2850 1132 2937 αἰχμητάων

395 2953 481 3045 δεῦρο
498 2962 714 3046 μαχησόμενος,
730 2963 794 3024 ἐπεὶ
810 2962 844 3025 οὔ
861 2962 892 3024 τί
908 2985 957 3047 μοι
974 2962 1064 3024 αίτιοί
1080 2967 1160 3024 εἰσιν·

394 3073 428 3134 οὐ
444 3074 501 3156 γάρ
518 3070 566 3133 πώ
583 3071 648 3134 aod
669 3071 745 3157 έμάς
760 3073 830 3153 βοῦς·
844 3071 975 3149 ἤλασαν,
991 3064 1062 3135 οὐδὲ
1079 3070 1133 3161 μὲν
1148 3072 1264 3147 ἵππους,

395 3175 466 3244 οὐδέ
482 3182 548 3244 ποτ’
570 3186 600 3244 έν
618 3179 699 3264 Φθίη
716 3183 878 3265 ἐριβώλακι
894 3182 1073 3268 βωτιανείρῃ

395 3289 511 3378 καρπὸν
527 3285 708 3361 ἐδηλήσαντ’
728 3295 799 3353 κτλ.

308 3405 423 3479 Quibus
439 3427 475 3464 ex
491 3406 589 3464 verbis
606 3405 789 3464 hauddubie
806 3404 1042 3464 concludendum
1064 3412 1117 3476 est,
1133 3404 1191 3463 illis
1205 3411 1315 3482 tempo·

247 3515 328 3574 ribus
346 3515 424 3575 bella
439 3525 554 3576 tantum
572 3515 699 3595 praedae
714 3515 872 3574 faciundae
887 3515 936 3574 vel
954 3514 1117 3573 ulciscendi
1132 3534 1221 3574 eausa
1235 3523 1318 3591 gesta

242 3645 313 3684 esse.
368 3626 516 3705 Equidem
546 3627 601 3684 hac
631 3628 663 3685 in
684 3645 716 3685 re
736 3647 853 3704 prorsus
877 3625 1145 3708 Nunennsnaonro
1164 3626 1315 3697 assentior,

242 3737 293 3814 qui
309 3735 348 3794 ad
363 3736 383 3794 l.
398 3736 416 3793 l.
441 3736 515 3795 haec
535 3737 659 3796 adnotat
675 3734 725 3812 (cf.
748 3736 849 3795 adnot.
867 3736 905 3795 ad
919 3736 956 3794 Il.
972 3757 1001 3815 p.
1020 3737 1088 3811 71):
1111 3735 1188 3809 „Die
1202 3734 1316 3810 Kriege

244 3844 297 3903 der
317 3845 497 3904 Heroenzeit
523 3847 589 3905 sind
612 3849 667 3906 wie
690 3849 744 3905 wir
767 3847 844 3905 auch
868 3866 920 3904 aus
943 3846 1044 3904 diesen
1059 3847 1171 3905 Vorsen
1193 3844 1317 3904 erseben
1384 3833 1396 3852 '

244 3956 329 4013 nicht
345 3975 404 4014 von
419 3957 590 4033 politischer
605 3957 793 4034 Bedeutung‚
815 3958 898 4015 nicht
913 3955 1219 4033 Eroberungskriege‚
1234 3954 1318 4013 nicht

245 4064 380 4142 Kampsa
403 4085 452 4122 um
475 4067 662 4143 Hegemonie
685 4088 712 4125 u.
734 4066 828 4144 dergl.
853 4065 981 4126 sondern
1001 4065 1101 4125 Raub·
1122 4064 1185 4124 und
1204 4065 1318 4123 Rache-
