2994 4942
722 338 760 401 31

211 524 354 584 Videmus
370 526 460 602 igitur
474 525 561 584 victis
577 525 744 585 hominibus
759 528 847 586 etiarn
863 533 926 584 tum
949 526 1075 584 victores
1096 527 1282 605 pepercerint

210 653 328 694 necesse
344 653 414 694 esse.
458 633 530 694 Jam
545 654 616 695 vero
632 655 670 696 ex
691 635 827 695 omnibus
848 636 920 695 locis
935 656 1007 715 quos
1022 637 1122 699 statim
1137 636 1282 696 allaturus

209 765 283 818 sum,
300 753 432 824 apparet,
448 747 575 806 victores
589 747 676 805 vietis
691 768 750 805 non
764 747 939 826 pepercisse.
979 744 1055 806 Cum
1076 733 1174 806 autem
1193 765 1281 826 saepe

210 855 373 927 videamus,
390 855 498 915 milites
514 856 662 935 supplices
677 857 770 915 vitam
785 857 914 935 petiisse,
929 877 989 915 non
1003 857 1176 916 inusitatum
1190 856 1282 918 fuisse

210 964 336 1038 videtur,
352 966 440 1023 victis
455 966 548 1024 vitam
563 965 642 1027 dare.
682 967 775 1026 Velut
789 961 815 1024 Z
830 969 870 1026 37
896 986 951 1045 sqq
972 974 1119 1037 narratur,
1134 963 1283 1025 Adrastus

211 1096 230 1134 a
244 1075 382 1135 Menelao
398 1076 485 1133 vivus
512 1083 616 1155 captus
632 1095 704 1148 esse,
731 1077 896 1155 quistatim
911 1077 1041 1136 Menelai
1058 1095 1157 1154 genua
1171 1075 1282 1154 ample·

210 1207 265 1244 xus
280 1186 354 1244 haec
368 1185 492 1264 protulit
506 1184 598 1245 verba

364 1283 481 1379 ζώγρει,
493 1291 621 1377 Ἀτρέος
636 1291 691 1371 υἱέ,
706 1289 741 1354 σὺ
759 1285 783 1354 δ’
804 1290 875 1372 ἄξια
890 1285 975 1373 δέξαι
991 1292 1112 1356 ἄποινα.

277 1438 362 1512 Quae
381 1438 501 1518 quidem
522 1437 645 1498 Adrasti
665 1441 808 1519 promissa
822 1440 978 1500 Menelaus
1000 1460 1060 1498 non
1082 1438 1204 1517 respuit,
1229 1436 1282 1497 sed

213 1550 273 1607 iam
302 1568 420 1607 servum
450 1568 518 1608 eum
547 1551 579 1608 iu
609 1558 706 1609 castra
734 1550 841 1610 ducere
877 1551 974 1624 iussit,
1004 1569 1071 1609 cum
1094 1547 1282 1626 Agamemno

214 1659 382 1737 imperaret,
396 1667 430 1717 ut
451 1659 503 1719 ills
523 1642 745 1720 interficeretur.
789 1661 867 1719 Item
882 1660 1044 1720 Pisandrus
1064 1666 1094 1718 et
1107 1658 1282 1717 Arsilochus

212 1767 250 1826 ab
265 1767 491 1847 Agamemnone
506 1771 663 1849 petierunt,
678 1778 712 1828 ut
726 1771 797 1850 ipsis
811 1779 946 1850 parceret
961 1771 998 1829 cf.
1014 1763 1048 1830 Α
1065 1772 1123 1830 131
1141 1788 1196 1848 sqq

364 1893 480 1988 ζώγρει,
492 1900 620 1988 Ἀτρέος
635 1901 688 1978 υἱέ,
705 1898 740 1964 σὺ
756 1892 782 1965 δ’
802 1900 873 1983 ἄξια
888 1895 973 1983 δέξαι
988 1901 1108 1966 ἄποινα.

363 2012 467 2075 πολλα
484 2004 509 2073 δ’
530 2015 561 2074 ἐν
573 2010 773 2098 Ἀντιμάχοιο
790 1993 893 2097 δόμοις
907 2012 1048 2098 κειμήλια
1063 2021 1173 2088 κεῖται,

363 2122 477 2206 χαλκός
490 2143 527 2185 τε
541 2122 648 2208 χρυσός
662 2143 698 2185 τε
712 2122 909 2206 πολυκμητός
923 2145 959 2186 τε
974 2115 1099 2209 σίδηρος,

365 2237 428 2294 τῶν
445 2232 496 2295 κέν
512 2255 561 2295 τοι
574 2232 733 2318 χαρίσαιτο
748 2236 850 2318 πατὴρ
869 2233 1006 2318 ἀπερείσι’
1028 2231 1141 2294 ἄποινα

364 2347 389 2404 εἰ
405 2348 458 2404 νῶι
474 2333 569 2417 ζωοὺς
582 2339 733 2406 πεπύθοιτ’
753 2343 803 2405 ἐπὶ
818 2344 919 2416 νηυσὶν
932 2343 1079 2429 Ἀχαιῶν.

278 2480 403 2558 Lycaon
426 2499 543 2560 quoque
570 2502 637 2541 cum
651 2482 786 2542 Achilles
805 2490 1039 2563 persequeretur,
1059 2500 1158 2540 secum
1173 2481 1283 2556 cogita·

216 2590 269 2662 vit,
284 2608 383 2649 nonne
398 2591 461 2649 eius
476 2610 576 2668 genua
590 2593 744 2671 amplexus
759 2594 852 2652 vitam
867 2591 923 2651 sibi
942 2599 1064 2672 peteret,
1090 2591 1127 2649 cf.
1143 2585 1176 2648 Φ
1194 2590 1233 2648 65
1250 2609 1284 2668 sq

364 2697 480 2784 γούνων
496 2695 628 2782 ἅψασθαι
644 2699 766 2785 μεμαώς
782 2703 849 2761 κτλ.

277 2810 315 2868 In
329 2808 427 2868 verbis
443 2817 541 2868 autem
556 2810 663 2889 quibus
677 2810 812 2870 Achilles
833 2809 999 2887 respondet,
1019 2811 1094 2870 haec
1110 2828 1283 2868 commemo·

215 2927 282 2978 ratu
308 2918 481 2996 dignissima
502 2920 655 2997 leguntur3
672 2921 728 2980 'ille
750 2923 829 2980 enim
852 2920 933 2993 dicit,
961 2939 991 2980 se
1017 2919 1126 2979 multos
1139 2919 1283 2978 Troianos

215 3029 298 3088 vivos
314 3030 425 3108 cepisse
441 3038 470 3089 et
485 3030 654 3091 vendidisse
669 3031 706 3090 ci.
723 3027 756 3090 Φ
773 3033 833 3090 102

363 3136 417 3199 καὶ
431 3133 564 3211 πολλοὺς
578 3129 672 3212 ζωοὺς
686 3136 757 3200 &aaa
772 3130 819 3208 ἠδ’
838 3137 1002 3222 ἐπέρασσα.

279 3249 381 3308 Etiam
395 3249 532 3309 Priamus
546 3251 621 3310 filios
632 3250 837 3332 redempturus
852 3259 924 3328 erat,
934 3252 960 3310 si
981 3249 1101 3330 quidem
1113 3251 1285 3330 superstites

215 3353 515 3438 mmMXMm

366 3468 433 3530 ἀλλ’
452 3472 477 3530 εἰ
493 3466 548 3554 μὲν
565 3459 676 3544 ζώουσι
691 3468 771 3556 μετὰ
788 3473 912 3552 στρατῷ
926 3462 945 3539 ἦ
960 3468 986 3529 τ’
1006 3463 1044 3530 ἄν
1060 3469 1167 3530 ἔπειτα

366 3580 483 3663 χαλκοῦ
499 3600 534 3641 τε
548 3585 658 3665 χρυσοῦ
673 3581 699 3641 τ’
720 3577 935 3665 ἀπολυσόμεθ’.

280 3715 466 3790 Quinetiam
481 3715 581 3776 Dolon
599 3717 650 3796 qui
665 3713 838 3795 speculandi
854 3737 943 3775 causa
965 3715 1060 3774 multa
1081 3722 1168 3774 nocte
1189 3722 1285 3773 castra

215 3826 398 3886 Graecorum
420 3834 525 3905 petens
547 3848 565 3885 a
580 3824 727 3886 Diomede
748 3833 777 3884 et
792 3824 883 3885 Ulixe
905 3833 1009 3906 captus
1031 3833 1084 3899 est,
1100 3825 1239 3903 speravit,
1254 3842 1285 3882 se

216 3936 335 3995 abillis
357 3937 452 4016 pretio
474 3937 570 3996 soluto
593 3936 746 3997 dimissum
768 3937 812 3994 iri.
857 3935 928 4015 Ipsa
952 3935 1077 3995 Dolonis
1099 3933 1190 3995 verba
1212 3934 1287 3993 haee

215 4053 284 4106 sunt
298 4041 327 4104 K
343 4048 405 4106 378
420 4065 475 4125 sqq
1045 4036 1047 4041 ’
